@article{3_1,
author = {J. Pearl},
journal = {Surv.},
pages = {96-146},
title = {Causal inference in statistics: An overview, Stat},
volume = {3},
year = {2009}
}

@article{3_2,
author = {S. Epskamp and E. I. Fried},
journal = {Methods},
number = {4},
pages = {617-634},
title = {A tutorial on regularized partial correlation networks, Psychol},
volume = {23},
year = {2018}
}

@article{3_3,
author = {T. Schreiber},
journal = {Phys. Rev. Letters},
pages = {461464},
title = {Measuring information transfer},
volume = {85},
year = {2000}
}

@inproceedings{3_4,
address = {Berkeley, California.},
author = {A. R{\'e}nyi},
booktitle = {Proceedings of the fourth Berkeley symposium on mathematical statistics and probability},
pages = {547-561},
publisher = {Univeristy of Berkeley},
title = {On measures of entropy and information},
year = {1961}
}

@article{3_35,
author = {A. Sensoy and C. Sobaci and S. Sensoy and F. Alali},
journal = {Chaos Solitons Fractals},
pages = {180-185},
title = {Effective transfer entropy approach to information flow between exchange rates and stock markets},
volume = {68},
year = {2014}
}

@article{3_34,
author = {M. Xu and P. Shang and S. Zhang},
journal = {Chaos Solitons Fractals},
pages = {110410},
title = {Multiscale Renyi cumulative residual distribution entropy: Reliability analysis of financial time series},
volume = {143},
year = {2021}
}

@article{3_5,
author = {Y. Mi and A. Lin},
journal = {Commun. Nonlinear Sci. Numer. Simul.},
pages = {107084},
title = {Kernel based multiscale partial Renyi transfer entropy and its applications},
volume = {119},
year = {2023}
}

@article{3_6,
author = {J. He and P. Shang},
journal = {Phys. A},
pages = {772-785},
title = {Comparison of transfer entropy methods for financial time series,},
volume = {482},
year = {2017}
}

@article{3_7,
author = {A. Bossman and Z. Umar and S. Agyei and P. Junior},
journal = {Res. Econ.},
number = {3},
pages = {189-205},
title = {A new ICEEMDAN-based transfer entropy quantifying information flow between real estate and policy uncertainty},
volume = {76},
year = {2022}
}

@article{3_8,
author = {M. Staniek and K. Lehnertz},
journal = {Phys. Rev. Lett.},
number = {15},
pages = {158101},
title = {Symbolic transfer entropy},
volume = {100},
year = {2008}
}

@article{3_9,
author = {A. Kraskov and H. St{\"o}gbauer and P. Grassberger},
journal = {Phys. Rev. E.},
pages = {066138},
title = {Estimating mutual information},
volume = {69},
year = {2004}
}

@article{3_10,
author = {L. Faes and G. Nollo and A. Porta},
journal = {Comput. Biol. Med.},
pages = {290-297},
title = {Non-uniform multivariate embedding to assess the information transfer in cardiovascular and cardiorespiratory variability series},
volume = {42},
year = {2012}
}

@article{3_11,
author = {J. D. Wren},
journal = {BMC Bioinform.},
pages = {1-13},
title = {Extending the mutual information measure to rank inferred literature relationships},
volume = {5},
year = {2004}
}

@article{3_12,
author = {L. G. S. Giraldo and M. Rao and J. C. Principe},
journal = {IEEE Trans. Inf. Theory},
pages = {535-548},
title = {Measures of entropy from data using infinitely divisible kernels, IEEE Trans},
volume = {61},
year = {2015}
}

@article{3_13,
author = {I. De La Pava Panche and A. M. Alvarez-Meza and A. Orozco-Gutierrez},
journal = {Front. Neurosci.},
pages = {1277},
title = {A data-driven measure of effective connectivity based on Renyi's $\alpha$-entropy},
volume = {13},
year = {2019}
}

@article{3_14,
author = {W. Zhou and S. Yu and B. Chen},
journal = {Inf. Sci.},
pages = {357-375},
title = {Causality detection with matrix-based transfer entropy},
volume = {613},
year = {2022}
}

@article{3_15,
author = {M. Materassi and A. Wernik and E. Yordanova},
journal = {Nonlinear Process. Geophys.},
pages = {153-161},
title = {Determining the verse of magnetic turbulent cascades in the Earth's magnetospheric cusp via transfer entropy analysis: preliminary results},
volume = {14},
year = {2007}
}

@article{3_16,
author = {D. Storhas and L. De Mello and A. Singh},
journal = {Energy Econ.},
pages = {104927},
title = {Multiscale lead-lag relationships in oil and refined product return dynamics: A symbolic wavelet transfer entropy approach},
volume = {92},
year = {2020}
}

@article{3_31,
author = {M. Lungarella and A. Pitti and Y. Kuniyoshi},
journal = {Phys. Rev. E.},
number = {5},
pages = {056117},
title = {Information transfer at multiple scales},
volume = {76},
year = {2007}
}

@article{3_17,
author = {Z. Guo and V. McClelland and O. Simeone and K. Mills and Z. Cvetkovic},
journal = {IEEE Trans. Biomed. Eng.},
pages = {771-782},
title = {Multiscale wavelet transfer entropy with application to corticomuscular coupling analysis},
volume = {69},
year = {2022}
}

@article{3_18,
author = {Y. Lu and N. Zeng and Y. Liu and N. Zhang},
journal = {Neurocomputing},
pages = {219-224},
title = {A hybrid wavelet neural network and switching particle swarm optimization algorithm for face direction recognition},
volume = {155},
year = {2015}
}

@article{3_19,
author = {M. Saadatmorad and R. Jafari-Talookolaei and M. Pashaei and S. Khatir},
journal = {Comp. Struct.},
pages = {114656},
title = {Damage detection on rectangular laminated composite plates using wavelet based convolutional neural network technique},
volume = {278},
year = {2021}
}

@article{3_20,
author = {M. Zhao and M. Kang and B. Tang and M. Pecht},
journal = {IIEEE Trans. Ind. Electron.},
number = {6},
pages = {4696-4706},
title = {Multiple wavelet coefficients fusion in deep residual networks for fault diagnosis, IEEE Trans},
volume = {66},
year = {2018}
}

@article{3_21,
author = {L. Bruce and C. Koger and J. Li},
journal = {IEEE Trans. Geosci. Remote Sens.},
pages = {2331-2338},
title = {Dimensionality reduction of hyperspectral data using discrete wavelet transform feature extraction},
volume = {40},
year = {2002}
}

@article{3_22,
author = {T. Duong and M. Hazelton},
journal = {J. Nonparametr. Stat.},
pages = {17-30},
title = {Plug-in bandwidth matrices for bivariate kernel density estimation},
volume = {15},
year = {2003}
}

@book{3_23,
author = {B. Silverman},
publisher = {CRC Press},
title = {Density estimation for statistics and data analysis},
volume = {26},
year = {2018}
}

@book{3_24,
author = {D. W. Scott},
publisher = {John Wiley  \& Sons Press},
title = {Multivariate density estimation: theory, practice, and visualization},
year = {2015}
}

@article{3_25,
author = {J. M. Mooij and J. Peters and D. Janzing and J. Zscheischler and B. Sch{\"o}lkopf},
journal = {J. Mach. Learn. Res.},
pages = {1103-1204},
title = {Distinguishing cause from effect using observational data: methods and benchmarks},
volume = {17},
year = {2016}
}

@article{3_31,
author = {L. Barnett and A. Barrett and A. Seth},
journal = {Phy. Rev. Lett.},
number = {23},
pages = {238701},
title = {Granger causality and transfer entropy are equivalent for {G}aussian variables},
volume = {103},
year = {2009}
}

@article{3_32,
author = {K. Hlav\'{a}\v{c}kov\'{a}-Schindler and M. Palu\v{s} and M. Vejmelka and J. Bhattacharya},
journal = {Phys. Rep.},
number = {1},
pages = {1-46},
title = {Causality detection based on information-theoretic approaches in time series analysis},
volume = {441},
year = {2007}
}

@article{3_26,
author = {I. C. Yeh},
journal = {Cem. Concr. Res.},
pages = {1797-1808},
title = {Modeling of strength of high-performance concrete using artificial neural networks},
volume = {28},
year = {1998}
}

@article{3_27,
author = {H. Liu and J. Cao and W. Huang and X. Shi and X. Wang},
journal = {Sci. China Inf. Sci.},
pages = {172204},
title = {Complex network approach for the evaluation of asphalt pavement design and construction: a longitudinal study},
volume = {65},
year = {2022}
}

@article{3_28,
author = {X. Wang and G. Zhou and H. Liu and Q. Xiao},
journal = {J. Highw. Transp. Res. Dev. (Engl. Ed.)},
pages = {1-16},
title = {Key points of RIOHTRACK testing road design and construction},
volume = {14},
year = {2020}
}

@article{3_29,
author = {T. Dimpfl and F. J. Peter},
journal = {Stud. Nonlinear Dyn. Econom.},
pages = {85-102},
title = {Using transfer entropy to measure information flows between financial markets},
volume = {17},
year = {2013}
}

@article{3_30,
author = {K. Bae and G. A. Karolyi and R. M. Stulz},
journal = {Rev. Financ. Stud.},
pages = {717-763},
title = {A new approach to measuring financial contagion},
volume = {16},
year = {2003}
}


@article{liu2018consensus134,
    title={Consensus of multi-agent systems via hybrid impulsive protocols with time-delay},
    author={Liu, Xinzhi and Zhang, Kexue and Xie, Wei-Chau},
    journal={Nonlinear Analysis: Hybrid Systems},
    volume={30},
    pages={134--146},
    year={2018},
    publisher={Elsevier}
}

@book{boyd1994linear,
    title={Linear Matrix Inequalities in System and Control Theory},
    author={Boyd, Stephen and El Ghaoui, Laurent and Feron, Eric and Balakrishnan, Venkataramanan},
    year={1994},
    publisher={ Philadelphia, PA: SIAM}
}

@book{horn2012matrix,
    title={Topics in Matrix Analysis},
    author={Horn, Roger A and Johnson, Charles R},
    year={1991},
    publisher={Cambridge, U.K.: Cambridge University Press}
}
@book{godsil2001algebraic,
    title={Algebraic graph theory},
    author={Godsil, Chris and Royle, Gordon F},
    year={2001},
    publisher={New York, USA: Springer-Verlag }
}
%%%%%%%1.1.1 time-delay complex networks
@book{bondy1976graph,
    title={Graph Theory with Applications},
    author={Bondy, John Adrian and Murty, Uppaluri Siva Ramachandra},
    year={1976},
    publisher={Amsterdam: North-Holland}
}

@article{gilbert1959random1141,
    title={Random graphs},
    author={Gilbert, Edgar N},
    journal={The Annals of Mathematical Statistics},
    volume={30},
    number={4},
    pages={1141--1144},
    year={1959},
    publisher={JSTOR}
}

@article{barabasi1999emergence509,
    title={Emergence of scaling in random networks},
    author={Barab{\'a}si, Albert-L{\'a}szl{\'o} and Albert, R{\'e}ka},
    journal={Science},
    volume={286},
    number={5439},
    pages={509--512},
    year={1999},
    publisher={American Association for the Advancement of Science}
}

@article{costa2011analyzing329,
    title={Analyzing and modeling real-world phenomena with complex networks: a survey of applications},
    author={Costa, Luciano  and Oliveira  , Osvaldo and Travieso, Gonzalo and Rodrigues, Francisco  and Boas, Paulino and Antiqueira, Lucas and Viana, Matheus and Rocha, Luis },
    journal={Advances in Physics},
    volume={60},
    number={3},
    pages={329--412},
    year={2011},
    publisher={Taylor and Francis}
}

@book{estrada2012structure,
    title={The Structure of Complex Networks: Theory and Applications},
    author={Estrada, Ernesto},
    year={2012},
    publisher={ Oxford, U.K.: Oxford University Press}
}
@book{dehmer2009analysis,
    title={Analysis of Complex Networks: From Biology to Linguistics},
    author={Dehmer, Matthias and Emmert-Streib, Frank},
    year={2009},
    publisher={Hoboken,  New Jersey, USA: Wiley-Blackwell}
}

@article{xu2006epidemic525,
    title={Epidemic spreading with time delay in complex networks},
    author={Xu, Xin-Jian and Peng, Hai-Ou and Wang, Xiao-Mei and Wang, Ying-Hai},
    journal={Physica A: Statistical Mechanics and its Applications},
    volume={367},
    pages={525--530},
    year={2006},
    publisher={Elsevier}
}
@article{liu2009structure1799,
    title={Structure identification of uncertain general complex dynamical networks with time delay},
    author={Liu, Hui and Lu, Jun-An and L{\"u}, Jinhu and Hill, David J},
    journal={Automatica},
    volume={45},
    number={8},
    pages={1799--1807},
    year={2009},
    publisher={Elsevier}
}
 
@article{wang2015event2497,
    title={An event-triggered approach to state estimation for a class of complex networks with mixed time delays and nonlinearities},
    author={Wang, Licheng and Wang, Zidong and Huang, Tingwen and Wei, Guoliang},
    journal={IEEE Transactions on Cybernetics},
    volume={46},
    number={11},
    pages={2497--2508},
    year={2015},
    publisher={IEEE}
}
@article{wang2011mixed,
    title={Mixed outer synchronization of coupled complex networks with time-varying coupling delay},
    author={Wang, Jun-Wei and Ma, Qinghua and Zeng, Li and Abd-Elouahab, Mohammed Salah},
    journal={Chaos: An Interdisciplinary Journal of Nonlinear Science},
    volume={21},
    number={1},
    pages={013121},
    year={2011},
    publisher={American Institute of Physics}
}

@article{syed2019synchronisation585,
    title={Synchronisation analysis for stochastic {T}--{S} fuzzy complex networks with coupling delay},
    author={S. Ali, M and Usha, M and Cao, Jinde and Lu, Guoping},
    journal={International Journal of Systems Science},
    volume={50},
    number={3},
    pages={585--598},
    year={2019},
    publisher={Taylor and Francis}
}
@article{fei2009new499,
    title={New synchronization stability of complex networks with an interval time-varying coupling delay},
    author={Fei, Zhongyang and Gao, Huijun and Zheng, Wei Xing},
    journal={IEEE Transactions on Circuits and Systems II: Express Briefs},
    volume={56},
    number={6},
    pages={499--503},
    year={2009},
    publisher={IEEE}
}

@article{wang2002complex885,
    title={Complex networks: topology, dynamics and synchronization},
    author={Wang, Xiao Fan},
    journal={International Journal of Bifurcation and Chaos},
    volume={12},
    number={05},
    pages={885--916},
    year={2002},
    publisher={World Scientific}
}
@article{liu2017partial3906,
    title={Partial-nodes-based state estimation for complex networks with unbounded distributed delays},
    author={Liu, Yurong and Wang, Zidong and Yuan, Yuan and Alsaadi, Fuad E},
    journal={IEEE Transactions on Neural Networks and Learning Systems},
    volume={29},
    number={8},
    pages={3906--3912},
    year={2017},
    publisher={IEEE}
}
@article{zou2015event2804,
    title={Event-triggered state estimation for complex networks with mixed time delays via sampled data information: The continuous-time case},
    author={Zou, Lei and Wang, Zidong and Gao, Huijun and Liu, Xiaohui},
    journal={IEEE Transactions on Cybernetics},
    volume={45},
    number={12},
    pages={2804--2815},
    year={2015},
    publisher={IEEE}
}
@book{gu2003stability,
    title={Stability of time-delay systems},
    author={Gu, Keqin and Chen, Jie and Kharitonov, Vladimir L},
    year={2003},
    publisher={Boston: Birkh{\"a}user}
}
@book{fridman2014introduction,
    title={Introduction to time-delay systems: Analysis and control},
    author={Fridman, Emilia},
    year={2014},
    publisher={ Birkh{\"a}user Basel}
}
@book{sun2012timedelaystability,
    title={时滞系统稳定性分析与应用},
    author={孙健，陈杰，刘国平},
    publisher={科学出版社},
    year={2012},
}
@book{sun2012timedelaystability,
    title={时滞系统稳定性分析与应用},
    author={孙健，陈杰，刘国平},
    publisher={科学出版社},
    year={2012},
}
@book{gao2018xuconsensus,
title={多智能体系统基于观察器的一致性控制},
author={高利新，徐晓乐},
publisher={上海交通大学出版社},
year={2018},
}
@article{cheng2013mean261,
    title={A mean square consensus protocol for linear multi-agent systems with communication noises and fixed topologies},
    author={Cheng, Long and Hou, Zeng-Guang and Tan, Min},
    journal={IEEE Transactions on Automatic Control},
    volume={59},
    number={1},
    pages={261--267},
    year={2013},
    publisher={IEEE}
}

@article{chen2016synchronizing189,
    title={Synchronizing nonlinear complex networks via switching disconnected topology},
    author={Chen, Yao and Yu, Wenwu and Tan, Shaolin and Zhu, Henghui},
    journal={Automatica},
    volume={70},
    pages={189--194},
    year={2016},
    publisher={Elsevier}
}
@article{li2017state6377,
    title={State estimation for stochastic complex networks with switching topology},
    author={Li, Wenling and Jia, Yingmin and Du, Junping},
    journal={IEEE Transactions on Automatic Control},
    volume={62},
    number={12},
    pages={6377--6384},
    year={2017},
    publisher={IEEE}
}
@article{wang2011synchronization3070,
    title={Synchronization in complex networks with switching topology},
    author={Wang, Lei and Wang, Qingguo},
    journal={Physics Letters A},
    volume={375},
    number={34},
    pages={3070--3074},
    year={2011},
    publisher={Elsevier}
}
@article{jin2015function730,
    title={Function projective synchronization in complex networks with switching topology and stochastic effects},
    author={Jin, Yunguo and Zhong, Shouming},
    journal={Applied Mathematics and Computation},
    volume={259},
    pages={730--740},
    year={2015},
    publisher={Elsevier}
}
%%%%%%%%synchronization%%%%%%%%%%%%%%
@article{mirollo1990synchronization1645,
    title={Synchronization of pulse-coupled biological oscillators},
    author={Mirollo, Renato E and Strogatz, Steven H},
    journal={SIAM Journal on Applied Mathematics},
    volume={50},
    number={6},
    pages={1645--1662},
    year={1990},
    publisher={SIAM}
}
@article{fries2001modulation1560,
    title={Modulation of oscillatory neuronal synchronization by selective visual attention},
    author={Fries, Pascal and Reynolds, John H and Rorie, Alan E and Desimone, Robert},
    journal={Science},
    volume={291},
    number={5508},
    pages={1560--1563},
    year={2001},
    publisher={American Association for the Advancement of Science}
}
@article{steinmetz2000attention187,
    title={Attention modulates synchronized neuronal firing in primate somatosensory cortex},
    author={Steinmetz, Peter N and Roy, A and Fitzgerald, PJ and Hsiao, SS and Johnson, KO and Niebur, Ernst},
    journal={Nature},
    volume={404},
    number={6774},
    pages={187--190},
    year={2000},
    publisher={Nature Publishing Group}
}



@article{zheng2009adaptive1553,
    title={Adaptive projective synchronization in complex networks with time-varying coupling delay},
    author={Zheng, Song and Bi, Qinsheng and Cai, Guoliang},
    journal={Physics Letters A},
    volume={373},
    number={17},
    pages={1553--1559},
    year={2009},
    publisher={Elsevier}
}
@book{2018dynamicstimedelays,
    title={时滞复杂系统动力学: 从神经网络到复杂网络},
    author={卢文联},
    year={2018},
    publisher={复旦大学出版社有限公司}
}
@article{song2012global2389,
    title={Global synchronization of stochastic delayed complex networks},
    author={Song, Bo and Park, Ju H and Wu, Zheng-Guang and Zhang, Ya},
    journal={Nonlinear Dynamics},
    volume={70},
    number={4},
    pages={2389--2399},
    year={2012},
    publisher={Springer}
}
@article{liang2008exponential153,
    title={Exponential synchronization of stochastic delayed discrete-time complex networks},
    author={Liang, Jinling and Wang, Zidong and Liu, Xiaohui},
    journal={Nonlinear Dynamics},
    volume={53},
    number={1},
    pages={153--165},
    year={2008},
    publisher={Springer}
}
@article{shi2016synchronization178,
    title={Synchronization for time-varying complex networks based on control},
    author={Shi, Lin and Zhu, Hong and Zhong, Shouming and Zeng, Yong and Cheng, Jun},
    journal={Journal of Computational and Applied Mathematics},
    volume={301},
    pages={178--187},
    year={2016},
    publisher={Elsevier}
}
@article{fei2009new499,
    title={New synchronization stability of complex networks with an interval time-varying coupling delay},
    author={Fei, Zhongyang and Gao, Huijun and Zheng, Wei Xing},
    journal={IEEE Transactions on Circuits and Systems II: Express Briefs},
    volume={56},
    number={6},
    pages={499--503},
    year={2009},
    publisher={IEEE}
}
@article{hu2021sampled3071811,
    title={Sampled-data-based event-triggered synchronization strategy for fractional and impulsive complex networks with switching topologies and time-varying delay},
    author={Hu, Taotao and Park, Ju H and Liu, Xinzhi and He, Zheng and Zhong, Shouming},
    journal={IEEE Transactions on Systems, Man, and Cybernetics: Systems},
    year={2021, DOI: 10.1109/TSMC.2021.3071811},
    publisher={IEEE}
}
@article{zhang2008adaptive183,
    title={Adaptive feedback synchronization of a general complex dynamical network with delayed nodes},
    author={Zhang, Qunjiao and Lu, Junan and Lu, Jinhu and Chi, K Tse},
    journal={IEEE Transactions on Circuits and Systems II: Express Briefs},
    volume={55},
    number={2},
    pages={183--187},
    year={2008},
    publisher={IEEE}
}
@article{stilwell2006sufficient140,
    title={Sufficient conditions for fast switching synchronization in time-varying network topologies},
    author={Stilwell, Daniel J and Bollt, Erik M and Roberson, D Gray},
    journal={SIAM Journal on Applied Dynamical Systems},
    volume={5},
    number={1},
    pages={140--156},
    year={2006},
    publisher={SIAM}
}
@article{liu2007exponential82,
    title={Exponential synchronization of nonlinear coupled dynamical networks with a delayed coupling},
    author={Liu, Xiwei and Chen, Tianping},
    journal={Physica A: Statistical Mechanics and its Applications},
    volume={381},
    pages={82--92},
    year={2007},
    publisher={Elsevier}
}
@article{yang2015robust1077,
    title={Robust synchronization of multiple memristive neural networks with uncertain parameters via nonlinear coupling},
    author={Yang, Shaofu and Guo, Zhenyuan and Wang, Jun},
    journal={IEEE Transactions on Systems, Man, and Cybernetics: Systems},
    volume={45},
    number={7},
    pages={1077--1086},
    year={2015},
    publisher={IEEE}
}
%%%%%%%%%%%%%%%%%%%%consensus









%%%%%%%%%%%%%%%%%%1.2 impulsive control

@book{lakshmikantham1989theory,
    title={Theory of Impulsive Differential Equations},
    author={Lakshmikantham, V. and Bainov, D. D. and Simeonov, P. S.},
    volume={6},
    year={1989},
    publisher={Singapore: World
    Scientific}
}
@book{yang2001impulsive,
    title={Impulsive control theory},
    author={Yang, Tao},
    year={2001},
    publisher={New York: Nova Science}
}
@book{haddad2006impulsive,
    title={Impulsive and Hybrid Dynamcial Systems: Stability, Dissipativity and Control},
    author={Haddad, Wassim M and Chellaboina, VijaySekhar and Nersesov, Sergey G},
    year={2006},
    publisher={Princeton University Press Princeton, New Jersey}
}


@book{goedel2012hybrid,
    title={Hybrid Dynamical Systems: Modeling Stability, and Robustness},
    author={Goedel, Rafal and Sanfelice, Ricardo G. and Teel, Andrew R.},
    year={2012},
    publisher={Princeton University Press Princeton, New Jersey}
}
@article{lu2010unified1215,
    title={A unified synchronization criterion for impulsive dynamical networks},
    author={Lu, Jianquan and Ho, Daniel WC and Cao, Jinde},
    journal={Automatica},
    volume={46},
    number={7},
    pages={1215--1221},
    year={2010},
    publisher={Elsevier}
}
@article{yang1997impulsive645,
    title={Impulsive control and synchronization of nonlinear dynamical systems and application to secure communication},
    author={Yang, Tao and Chua, Leon O},
    journal={International Journal of Bifurcation and Chaos},
    volume={7},
    number={03},
    pages={645--664},
    year={1997},
    publisher={World Scientific}
}
@article{yang2017synchronization115,
    title={Synchronization of coupled memristive chaotic circuits via state-dependent impulsive control},
    author={Yang, Shiju and Li, Chuandong and Huang, Tingwen},
    journal={Nonlinear Dynamics},
    volume={88},
    number={1},
    pages={115--129},
    year={2017},
    publisher={Springer}
}
@article{guan2010synchronization2182,
    title={Synchronization of complex dynamical networks with time-varying delays via impulsive distributed control},
    author={Guan, Zhi-Hong and Liu, Zhi-Wei and Feng, Gang and Wang, Yan-Wu},
    journal={IEEE Transactions on Circuits and Systems I: Regular Papers},
    volume={57},
    number={8},
    pages={2182--2195},
    year={2010},
    publisher={IEEE}
}
 @article{wang2018unified25,
     title={Unified synchronization criteria in an array of coupled neural networks with hybrid impulses},
     author={Wang, Nan and Li, Xuechen and Lu, Jianquan and Alsaadi, Fuad E},
     journal={Neural Networks},
     volume={101},
     pages={25--32},
     year={2018},
     publisher={Elsevier}
 }
@article{zhang2013synchronization1758,
    title={Synchronization of stochastic dynamical networks under impulsive control with time delays},
    author={Zhang, Wenbing and Tang, Yang and Miao, Qingying and Fang, Jian-An},
    journal={IEEE transactions on neural networks and learning systems},
    volume={25},
    number={10},
    pages={1758--1768},
    year={2013},
    publisher={IEEE}
}

@article{2012Stochastic371,
    title={Stochastic Synchronization of Complex Networks With Nonidentical Nodes Via Hybrid Adaptive and Impulsive Control},
    author={ Yang, X.  and  Cao, J.  and  Lu, J. },
    journal={IEEE Transactions on Circuits and Systems I Regular Papers},
    volume={59},
    number={2},
    pages={371--384},
    year={2012},
}
@article{he2020synchronization,
    title={Synchronization of complex networks with impulsive control involving stabilizing delay},
    author={He, Xinyi and Peng, Dongxue and Li, Xiaodi},
    journal={Journal of the Franklin Institute},
    volume={357},
    number={8},
    pages={4869--4886},
    year={2020},
    publisher={Elsevier}
}
 
@article{chua1971memristor507,
    title={Memristor-the missing circuit element},
    author={Chua, Leon},
    journal={IEEE Transactions on Circuit Theory},
    volume={18},
    number={5},
    pages={507--519},
    year={1971},
    publisher={IEEE}
}
@article{strukov2008missing80,
    title={The missing memristor found},
    author={Strukov, Dmitri B and Snider, Gregory S and Stewart, Duncan R and Williams, R Stanley},
    journal={Nature},
    volume={453},
    number={7191},
    pages={80--83},
    year={2008},
    publisher={Nature Publishing Group}
}
@article{thomas2013memristor093001,
    title={Memristor-based neural networks},
    author={Thomas, Andy},
    journal={Journal of Physics D: Applied Physics},
    volume={46},
    number={9},
    pages={093001},
    year={2013},
    publisher={IOP Publishing}
}
@article{duan2014memristorz1202,
    title={Memristor-based cellular nonlinear/neural network: design, analysis, and applications},
    author={Duan, Shukai and Hu, Xiaofang and Dong, Zhekang and Wang, Lidan and Mazumder, Pinaki},
    journal={IEEE Transactions on Neural Networks and Learning Systems},
    volume={26},
    number={6},
    pages={1202--1213},
    year={2014},
    publisher={IEEE}
}

@article{itoh2008memristor3183,
    title={Memristor oscillators},
    author={Itoh, Makoto and Chua, Leon O},
    journal={International Journal of Bifurcation and Chaos},
    volume={18},
    number={11},
    pages={3183--3206},
    year={2008},
    publisher={World Scientific}
}
@article{velmurugan2016finite36,
    title={Finite-time synchronization of fractional-order memristor-based neural networks with time delays},
    author={Velmurugan, G and Rakkiyappan, R and Cao, Jinde},
    journal={Neural Networks},
    volume={73},
    pages={36--46},
    year={2016},
    publisher={Elsevier}
}
@article{2019Global362,
    title={Global synchronization of coupled delayed memristive reaction-diffusion neural networks},
    author={ Wang, Shiqin  and  Guo, Zhenyuan  and  Wen, Shiping  and  Huang, Tingwen },
    journal={Neural Networks},
    volume={123},
    pages={362--371},
    year={2019},
}

@article{duan2014memristor1437,
    title={Memristor-based chaotic neural networks for associative memory},
    author={Duan, Shukai and Zhang, Yi and Hu, Xiaofang and Wang, Lidan and Li, Chuandong},
    journal={Neural Computing and Applications},
    volume={25},
    number={6},
    pages={1437--1445},
    year={2014},
    publisher={Springer}
}
@article{yang2015synchronization3377,
    title={Synchronization of delayed memristive neural networks: Robust analysis approach},
    author={Yang, Xinsong and Ho, Daniel WC},
    journal={IEEE transactions on cybernetics},
    volume={46},
    number={12},
    pages={3377--3387},
    year={2015},
    publisher={IEEE}
}
@article{zheng2017finite2641,
    title={Finite-time projective synchronization of memristor-based delay fractional-order neural networks},
    author={Zheng, Mingwen and Li, Lixiang and Peng, Haipeng and Xiao, Jinghua and Yang, Yixian and Zhao, Hui},
    journal={Nonlinear Dynamics},
    volume={89},
    number={4},
    pages={2641--2655},
    year={2017},
    publisher={Springer}
}
@article{wang2016finite2648,
    title={Finite-time stabilization and adaptive control of memristor-based delayed neural networks},
    author={Wang, Leimin and Shen, Yi and Zhang, Guodong},
    journal={IEEE Transactions on Neural Networks and Learning Systems},
    volume={28},
    number={11},
    pages={2648--2659},
    year={2016},
    publisher={IEEE}
}
@article{wu2013lagrange690,
    title={Lagrange stability of memristive neural networks with discrete and distributed delays},
    author={Wu, Ailong and Zeng, Zhigang},
    journal={IEEE Transactions on Neural Networks and Learning Systems},
    volume={25},
    number={4},
    pages={690--703},
    year={2013},
    publisher={IEEE}
}
@article{zhang2014exponential1431,
    title={Exponential stabilization of memristor-based chaotic neural networks with time-varying delays via intermittent control},
    author={Zhang, Guodong and Shen, Yi},
    journal={IEEE Transactions on Neural Networks and Learning Systems},
    volume={26},
    number={7},
    pages={1431--1441},
    year={2014},
    publisher={IEEE}
}
@article{wang2017finite86,
    title={Finite-time stability analysis of fractional-order complex-valued memristor-based neural networks with both leakage and time-varying delays},
    author={Wang, Limin and Song, Qiankun and Liu, Yurong and Zhao, Zhenjiang and Alsaadi, Fuad E},
    journal={Neurocomputing},
    volume={245},
    pages={86--101},
    year={2017},
    publisher={Elsevier}
}
@article{li2016finite2924,
    title={Finite-time stability analysis for Markovian jump memristive neural networks with partly unknown transition probabilities},
    author={Li, Ruoxia and Cao, Jinde},
    journal={IEEE Transactions on Neural Networks and Learning Systems},
    volume={28},
    number={12},
    pages={2924--2935},
    year={2016},
    publisher={IEEE}
}
@book{pikovsky2003synchronization,
    title={Synchronization: a universal concept in nonlinear sciences},
    author={Pikovsky, Arkady and Kurths, Jurgen and Rosenblum, Michael and Kurths, J{\"u}rgen},
    volume={12},
    year={2003},
    publisher={Cambridge university press}
}
@article{pecora1990synchronization821,
    title={Synchronization in chaotic systems},
    author={Pecora, Louis M and Carroll, Thomas L},
    journal={Physical Review Letters},
    volume={64},
    number={8},
    pages={821},
    year={1990},
    publisher={APS}
}
@article{afraimovich1986stochastic795,
    title={Stochastic synchronization of oscillation in dissipative systems},
    author={Afraimovich, VS and Verichev, NN and Rabinovich, Ml I},
    journal={Radiophysics and Quantum Electronics},
    volume={29},
    number={9},
    pages={795--803},
    year={1986},
    publisher={Springer}
}
@article{tang2017finite1213,
    title={Finite-time cluster synchronization of Lur’e networks: a nonsmooth approach},
    author={Tang, Ze and Park, Ju H and Shen, Hao},
    journal={IEEE Transactions on Systems, Man, and Cybernetics: Systems},
    volume={48},
    number={8},
    pages={1213--1224},
    year={2017},
    publisher={IEEE}
}
@article{li2015lag686,
    title={Lag Synchronization of Memristor-Based Coupled Neural Networks via $\omega$-Measure},
    author={Li, Ning and Cao, Jinde},
    journal={IEEE Transactions on Neural Networks and Learning Systems},
    volume={27},
    number={3},
    pages={686--697},
    year={2015},
    publisher={IEEE}
}
@article{yang2016exponential1878,
    title={Exponential synchronization of memristive neural networks with delays: interval matrix method},
    author={Yang, Xinsong and Cao, Jinde and Liang, Jinling},
    journal={IEEE Transactions on Neural Networks and Learning Systems},
    volume={28},
    number={8},
    pages={1878--1888},
    year={2016},
    publisher={IEEE}
}
@article{bao2015projective1,
    title={Projective synchronization of fractional-order memristor-based neural networks},
    author={Bao, Hai-Bo and Cao, Jinde},
    journal={Neural Networks},
    volume={63},
    pages={1--9},
    year={2015},
    publisher={Elsevier}
}
@article{abdurahman2015finite20,
    title={Finite-time synchronization for memristor-based neural networks with time-varying delays},
    author={Abdurahman, Abdujelil and Jiang, Haijun and Teng, Zhidong},
    journal={Neural Networks},
    volume={69},
    pages={20--28},
    year={2015},
    publisher={Elsevier}
}
@article{zhang2014exponential1,
    title={Exponential synchronization of delayed memristor-based chaotic neural networks via periodically intermittent control},
    author={Zhang, Guodong and Shen, Yi},
    journal={Neural Networks},
    volume={55},
    pages={1--10},
    year={2014},
    publisher={Elsevier}
}
@article{li2015new1,
    title={New synchronization criteria for memristor-based networks: adaptive control and feedback control schemes},
    author={Li, Ning and Cao, Jinde},
    journal={Neural Networks},
    volume={61},
    pages={1--9},
    year={2015},
    publisher={Elsevier}
}
@article{zhang2016stability1066,
    title={Stability and synchronization of memristor-based coupling neural networks with time-varying delays via intermittent control},
    author={Zhang, Wei and Li, Chuandong and Huang, Tingwen and Huang, Junjian},
    journal={Neurocomputing},
    volume={173},
    pages={1066--1072},
    year={2016},
    publisher={Elsevier}
}
@article{huang2017finite527,
    title={Finite-time synchronization of inertial memristive neural networks with time-varying delays via sampled-date control},
    author={Huang, Dasong and Jiang, Minghui and Jian, Jigui},
    journal={Neurocomputing},
    volume={266},
    pages={527--539},
    year={2017},
    publisher={Elsevier}
}
@article{yang2018review1495,
    title={Review of stability and stabilization for impulsive delayed systems},
    author={Yang, Xueyan and Li, Xiaodi and Xi, Qiang and Duan, Peiyong},
    journal={Mathematical Biosciences and Engineering},
    volume={15},
    number={6},
    pages={1495},
    year={2018},
    publisher={American Institute of Mathematical Sciences}
}
@article{li2018persistent14,
    title={Persistent impulsive effects on stability of functional differential equations with finite or infinite delay},
    author={Li, Xiaodi and Shen, Jianhua and Rakkiyappan, R},
    journal={Applied Mathematics and Computation},
    volume={329},
    pages={14--22},
    year={2018},
    publisher={Elsevier}
}
@article{hu2018fixed904,
    title={Fixed-time control of delayed neural networks with impulsive perturbations},
    author={Hu, Jingting and Sui, Guixia and Lu, Xiaoxiao and Li, Xiaodi},
    journal={Nonlinear Analysis: Modelling and Control},
    volume={23},
    number={6},
    pages={904--920},
    year={2018}
}

@article{duan2016impulsive476,
    title={Impulsive effects and stability analysis on memristive neural networks with variable delays},
    author={Duan, Shukai and Wang, Huamin and Wang, Lidan and Huang, Tingwen and Li, Chuandong},
    journal={IEEE Transactions on Neural Networks and Learning Systems},
    volume={28},
    number={2},
    pages={476--481},
    year={2016},
    publisher={IEEE}
}
@article{chandrasekar2016impulsive1348,
    title={Impulsive controller design for exponential synchronization of delayed stochastic memristor-based recurrent neural networks},
    author={Chandrasekar, A and Rakkiyappan, R},
    journal={Neurocomputing},
    volume={173},
    pages={1348--1355},
    year={2016},
    publisher={Elsevier}
}
@article{li2016stability63,
    title={Stability of nonlinear differential systems with state-dependent delayed impulses},
    author={Li, Xiaodi and Wu, Jianhong},
    journal={Automatica},
    volume={64},
    pages={63--69},
    year={2016},
    publisher={Elsevier}
}
@article{li2017impulsive3618,
    title={An impulsive delay inequality involving unbounded time-varying delay and applications},
    author={Li, Xiaodi and Cao, Jinde},
    journal={IEEE Transactions on Automatic Control},
    volume={62},
    number={7},
    pages={3618--3625},
    year={2017},
    publisher={IEEE}
}

@article{bao2015exponential190,
    title={Exponential synchronization of coupled stochastic memristor-based neural networks with time-varying probabilistic delay coupling and impulsive delay},
    author={Bao, Haibo and Park, Ju H and Cao, Jinde},
    journal={IEEE Transactions on Neural Networks and Learning Systems},
    volume={27},
    number={1},
    pages={190--201},
    year={2015},
    publisher={IEEE}
}
@article{zhang2018exponential41,
    title={Exponential synchronization of stochastic time-delayed memristor-based neural networks via distributed impulsive control},
    author={Zhang, Bo and Deng, Feiqi and Xie, Shengli and Luo, Shixian},
    journal={Neurocomputing},
    volume={286},
    pages={41--50},
    year={2018},
    publisher={Elsevier}
}
@article{he2016multisynchronization335,
    title={Multisynchronization of coupled heterogeneous genetic oscillator networks via partial impulsive control},
    author={He, Ding-Xin and Ling, Guang and Guan, Zhi-Hong and Hu, Bin and Liao, Rui-Quan},
    journal={IEEE Transactions on Neural Networks and Learning Systems},
    volume={29},
    number={2},
    pages={335--342},
    year={2016},
    publisher={IEEE}
}
@article{wang2016impulsive1560,
    title={Impulsive multisynchronization of coupled multistable neural networks with time-varying delay},
    author={Wang, Yan-Wu and Yang, Wu and Xiao, Jiang-Wen and Zeng, Zhi-Gang},
    journal={IEEE Transactions on Neural Networks and Learning Systems},
    volume={28},
    number={7},
    pages={1560--1571},
    year={2016},
    publisher={IEEE}
}
@article{hu2018multisynchronization3069,
    title={Multisynchronization of interconnected memristor-based impulsive neural networks with fuzzy hybrid control},
    author={Hu, Bin and Guan, Zhi-Hong and Yu, Xinghuo and Luo, Qingming},
    journal={IEEE Transactions on Fuzzy Systems},
    volume={26},
    number={5},
    pages={3069--3084},
    year={2018},
    publisher={IEEE}
}
@book{filippov2013differential,
    title={Differential Equations With Discontinuous Righthand
    Sides: Control Systems},
    author={Filippov, Aleksei Fedorovich},
    year={1988},
    publisher={ Dordrecht, The Netherlands: Springer-Verlag}
}
@article{hu2018multistability1537,
    title={Multistability of delayed hybrid impulsive neural networks with application to associative memories},
    author={Hu, Bin and Guan, Zhi-Hong and Chen, Guanrong and Lewis, Frank L},
    journal={IEEE Transactions on Neural Networks and Learning Systems},
    volume={30},
    number={5},
    pages={1537--1551},
    year={2018},
    publisher={IEEE}
}
@article{yu2009second881,
    title={Second-order consensus for multiagent systems with directed topologies and nonlinear dynamics},
    author={Yu, Wenwu and Chen, Guanrong and Cao, Ming and Kurths, J{\"u}rgen},
    journal={IEEE Transactions on Systems, Man, and Cybernetics:  Cybernetics},
    volume={40},
    number={3},
    pages={881--891},
    year={2009},
    publisher={IEEE}
}
@article{2020Exponential163,
    title={Exponential synchronization of memristive neural networks with time-varying delays via quantized sliding-mode control},
    author={ Sun, Bo  and  Wang, Shengbo  and  Cao, Yuting  and  Guo, Zhenyuan  and  Wen, Shiping },
    journal={Neural Networks},
    volume={126},
    pages={163--169
    },
    year={2020},
}
@article{2019Synchronization,
    title={Synchronization of memristive neural networks with leakage delay and parameters mismatch via event-triggered control},
    author={ Cao, Yuting  and  Wang, Shengbo  and  Guo, Zhenyuan  and  Huang, Tingwen  and  Wen, Shiping },
    journal={Neural Networks},
    volume={119},
    pages={178-189},
    year={2019},
}
@article{2018Global138,
    title={Global exponential synchronization of inertial memristive neural networks with time-varying delay via nonlinear controller},
    author={ Gong, Shuqing  and  Yang, Shaofu  and  Guo, Zhenyuan  and  Huang, Tingwen },
    journal={Neural Networks},
    volume={102},
    pages={138-148},
    year={2018},
}
@article{Wang2020Event125379,
    title={Event-based sliding-mode synchronization of delayed memristive neural networks via continuous/periodic sampling algorithm},
    author={Wang, Yuxiao and Cao, Yuting and Guo, Zhenyuan and Huang, Tingwen and Wen, Shiping},
    journal={Applied Mathematics and Computation},
    volume={383},
    pages={125379},
    year={2020},
}
@article{Yufeng2018Event55,
    title={Event-triggered impulsive control on quasi-synchronization of memristive neural networks with time-varying delays.},
    author={Zhou, Yufeng and Zeng, Zhigang},
    journal={Neural Networks},
    volume={110},
    pages={55-65},
    year={2019},
}
@article{2020Exponential242,
    title={Exponential synchronization of stochastic delayed memristive neural networks via a novel hybrid control},
    author={Yang, Nijing and Yu,  Yongbin and Zhong,  Shouming and Wang, Xiangxiang and Shi  Kaibo and Cai, Jingye}, 
    journal={Neural Networks},
    volume={131},
    pages={242-250},
    year={2020},
}
@article{2019Hybrid281,
    title={Hybrid multisynchronization of coupled multistable memristive neural networks with time delays},
    author={ Yao, Wei  and  Wang, Chunhua  and  Cao, Jinde  and  Sun, Yichuang  and  Zhou, Chao },
    journal={Neurocomputing},
    volume={363},
    pages={281-294},
    year={2019},
}
@article{2018Multisynchronization3069,
    title={Multisynchronization of Interconnected Memristor-Based Impulsive Neural Networks With Fuzzy Hybrid Control},
    author={ Hu, Bin  and  Guan, Zhi Hong  and  Yu, Xinghuo  and  Luo, Qingming },
    journal={IEEE Transactions on Fuzzy Systems},
    volume={26},
    number={5},
    pages={3069-3084},
    year={2018},
}
@article{2020Multiple,
    title={Multiple $\mu$-Stable Synchronization Control for Coupled Memristive Neural Networks With Unbounded Time Delays},
    author={ Hu, Bin  and  Guan, Zhi Hong  and  Yu, Xinghuo  and  Luo, Qingming },
    journal={ IEEE Transactions on Systems, Man, and Cybernetics: Systems},
    volume={52},
    number={2},
    pages={990--1002},
    year={2022},
}
@article{2014Synchronization25,
    title={Synchronization of {TS} fuzzy complex dynamical networks with time-varying impulsive delays and stochastic effects},
    author={ Yang, X.  and  Yang, Z. },
    journal={Fuzzy Sets and Systems},
    volume={235},
    pages={25--43},
    year={2014},
}
%chart3
% Encoding: UTF-8

@Article{Lv2005A,
    author  = {Lv, Jinhu and Chen, Guanrong},
    title   = {A time-varying complex dynamical network model and its controlled synchronization criteria},
    journal = {IEEE Transactions on Automatic Control},
    year    = {2005},
    volume  = {50},
    number  = {6},
    pages   = {841--846},
}

@Article{Z2006Global,
    author  = {Li, Zhi and Chen, Guanrong},
    title   = {Global synchronization and asymptotic stability of complex dynamical networks},
    journal = {IEEE Trans. Circuits Syst. II, Exp. Briefs},
    year    = {2006},
    volume  = {53},
    number  = {1},
    pages   = {28--33},
}
@article{Yu2009On,
    title={On pinning synchronization of complex dynamical networks},
    author={Yu, Wenwu and Chen, Guanrong and Lv, Jinhu},
    journal={Automatica},
    volume={45},
    number={2},
    pages={429--435},
    year={2009},
}

@Article{Qiang2010On,
    author  = {Qiang, Song and Cao, Jinde},
    title   = {On pinning synchronization of directed and undirected complex dynamical networks},
    journal = {IEEE Trans. Circuits Syst. I, Reg. Papers},
    year    = {2010},
    volume  = {57},
    number  = {3},
    pages   = {672--680},
}
%%%%%%%coupling delays
@article{Lu2008Local,
    title={Local and global synchronization in general complex dynamical networks with delay coupling},
    author={Lu, Jianquan and Ho, Daniel W. C.},
    journal={Chaos, Solitons and Fractals},
    volume={37},
    number={5},
    pages={1497--1510},
    year={2008},
}

@Article{Fei2009New,
    author  = {Fei, Zhongyang and Gao, Huijun and Zheng, Weixing},
    title   = {New synchronization stability of complex networks with an interval time-varying coupling delay},
    journal={IEEE Transactions on Circuits and Systems II: Express Briefs},
    year    = {2009},
    volume  = {56},
    number  = {6},
    pages   = {499--503},
}
@article{Wang2010Chaos,
    title={Chaos synchronization in general complex dynamical networks with coupling delays},
    author={Wang, Baoxian and Guan, Zhi Hong},
    journal={ Nonlinear Analysis: Real World Applications},
    volume={11},
    number={3},
    pages={1925--1932},
    year={2010},
}

@Article{Wu2013Sampled,
    author  = {Wu, Zheng-Guang and Shi, Peng and Su, Hongye and Chu, Jian},
    title   = {Sampled-data exponential synchronization of complex dynamical networks with time-varying coupling delay},
    journal = {IEEE Transactions on Neural Networks and Learning Systems},
    year    = {2013},
    volume  = {24},
    number  = {8},
    pages   = {1177--1187},
}

@Article{Park2018Closeness,
    author  = {Park, Myeongjin and Lee, Seung-Hoon and Kwon Oh-Min and Seuret Alexandre},
    title   = {Closeness-centrality-based synchronization criteria for complex dynamical networks with interval time-varying coupling delays},
    journal = {IEEE Transactions on Cybernetics},
    year    = {2018},
    volume  = {48},
    number  = {7},
    pages   = {2192--2202},
}
%%%%%%%adaptive control

@Article{Xing2017Event,
    author  = {Xing, Lantao and Wen, Changyun and Liu, Zhitao and Su, Hongye and Cai, Jianping},
    title   = {Event-triggered Adaptive Control for a Class of Uncertain Nonlinear Systems},
    journal = {IEEE Transactions on Automatic Control},
    year    = {2017},
    volume  = {62},
    number  = {4},
    pages   = {2071--2076},
}

%%%%%%%sliding mode control

@Article{Al2019Finite,
    author  = {Al-Mahbashi, Ghada and Noorani, M. S. Md},
    title   = {Finite-Time Lag Synchronization of Uncertain Complex Dynamical Networks With Disturbances via Sliding Mode Control},
    journal = {IEEE Access},
    year    = {2019},
    volume  = {7},
    pages   = {7082--7092},
}

%%%%%impulsive control

@Article{Li2018Sufficient,
    author  = {Li, Xiaodi and Wu, Jianhong},
    title   = {Sufficient Stability Conditions of Nonlinear Differential Systems Under Impulsive Control With State-Dependent Delay},
    journal = {IEEE Transactions on Automatic Control},
    year    = {2018},
    volume  = {63},
    number  = {1},
    pages   = {306--311},
}

@Article{Lv2018Dynamical,
    author  = {Lv, Xiao Xiao and Li, Xiaodi and Cao, Jinde and Perc, Matjaz},
    title   = {Dynamical and Static Multisynchronization of Coupled Multistable Neural Networks via Impulsive Control},
    journal = {IEEE Transactions on Neural Networks and Learning Systems},
    year    = {2018},
    volume  = {29},
    number  = {2},
    pages   = {6062--6072},
}
%%%%%%pinning control

@Article{Lu2015Outer,
    author  = {Lu, Jianquan and Ding, Chengdan and Lou, Jungang and Cao, Jinde},
    title   = {Outer synchronization of partially coupled dynamical networks via pinning impulsive controllers},
    journal = {Journal of the Franklin Institute},
    year    = {2015},
    volume  = {352},
    number  = {11},
    pages   = {5024--5041},
}
%%%%%%sampled-data control

@Article{Zhang2017Sampled,
    author  = {Zhang, Xiaoyu and Lv, Xiaoxiao and Li, Xiaodi},
    title   = {Sampled-data-based lag synchronization of chaotic delayed neural networks with impulsive control},
    journal = {Nonlinear Dynamics},
    year    = {2017},
    volume  = {90},
    number  = {3},
    pages   = {2199--2207},
}
%%%%%%%impulsive
@article{LiPersistence,
    title={Persistence of delayed cooperative models: Impulsive control method},
    author={Li, Xiaodi and Yang, Xueyan and Huang, Tingwen},
    journal={Applied Mathematics and Computation},
    year    = {2019},
    volume  = {342},
    pages   = {130-146},
}

 
@article{Li2019Finite,
    title={Finite-time stability and settling-time estimation of nonlinear impulsive systems},
    author={Li, Xiaodi and Ho, Daniel W. C. and Cao, Jinde},
    journal={Automatic},
    volume={99},
    pages={361--368},
    year={2019},
}

@Article{Yang2019Effects,
    author  = {Yang, Xujun and Li, Chuandong and Song, Qiankun and Li, Hongfei and Huang, Junjian},
    title   = {Effects of State-Dependent Impulses on Robust Exponential Stability of Quaternion-Valued Neural Networks Under Parametric Uncertainty},
    journal = {IEEE Transactions on Neural Networks and Learning Systems},
    year    = {DOI: 10.1109/TNNLS.2018.2877152, 2019},
}
%%%%%%%impulsive synchronization

@Article{Lu2012Synchronization,
    author  = {Lu, J. and Kurths, J and Cao, J. and Mahdavi, N and Huang, C.},
    title   = {Synchronization control for nonlinear stochastic dynamical networks: Pinning impulsive strategy},
    journal = {IEEE Transactions on Neural Networks and Learning Systems},
    year    = {2012},
    volume  = {23},
    number  = {2},
    pages   = {285-292},
}

@Article{Yang2016Finite,
    author  = {Yang, Xinsong and Lu, Jianquan},
    title   = {Finite-Time Synchronization of Coupled Networks with Markovian Topology and Impulsive Effects},
    journal = {IEEE Transactions on Automatic Control},
    year    = {2016},
    volume  = {61},
    number  = {8},
    pages   = {2256-2261},
}

@Article{Yang2017Fixed,
    author  = {Yang, Xinsong and Lam, James and Ho, Daniel W. C. and Feng, Zhiguo},
    title   = {Fixed-Time Synchronization of Complex Networks with Impulsive Effects via Non-Chattering Control},
    journal = {IEEE Transactions on Automatic Control},
    year    = {2017},
    volume  = {62},
    number  = {11},
    pages   = {5511--5521},
}

@Article{Xin2018Delay,
    author  = {Xin, Wang and Liu, Xinzhi and She, Kun and Zhong, Shouming and Lin, Shi},
    title   = {Delay-Dependent Impulsive Distributed Synchronization of Stochastic Complex Dynamical Networks With Time-Varying Delays},
    journal = {IEEE Transactions on Systems, Man, and Cybernetics: Systems},
    year    = {DOI: 10.1109/TSMC.2018.2812895, 2018},
}
@Article{Wang2018Pinning,
    title={Pinning synchronization of nonlinear coupled {L}ur'e networks under hybrid impulses},
    author={Wang, Yaqi and Lu, Jianquan and Liang, Jinling and Cao, Jinde and Perc, Matjaz},
    journal={IEEE Trans. Circuits Syst. II, Exp. Briefs},
    volume={66},
    number={3},
    pages={432-436},
    year={2019}
}
%%%%%%% delayed impulsive

@Article{Li2016Stabilization,
    author  = {Li, Xiaodi and Song, Shiji},
    title   = {Stabilization of Delay Systems: Delay-dependent Impulsive Control},
    journal = {IEEE Transactions on Automatic Control},
    year    = {2016},
    volume  = {62},
    number  = {1},
    pages   = {406--411},
}

@Article{Zhang2015Synchronizationof,
    author  = {Zhang, W. and Li, C. and Huang, T. and He, X.},
    title   = {Synchronization of Memristor-Based Coupling Recurrent Neural Networks With Time-Varying Delays and Impulses},
    journal = {IEEE Transactions on Neural Networks and Learning Systems},
    year    = {2015},
    volume  = {26},
    number  = {12},
    pages   = {3308-3313},
}

@article{Li2016Stability,
    title={Stability of nonlinear differential systems with state-dependent delayed impulses},
    author={Li, Xiaodi and Wu, Jianhong},
    journal={Automatica},
    volume={64},
    pages={63--69},
    year={2016},
}
@article{He2017Network,
    title={Network-based leader-following consensus of nonlinear multi-agent systems via distributed impulsive control},
    author={He, Wangli and Chen, Guanrong and Han, Qing Long and Qian, Feng},
   journal={Information Sciences},
    volume={380},
    pages={145--158},
    year={2017},
}
@article{Yang2018Review,
    title={Review of stability and stabilization for impulsive delayed systems},
    author={Yang, Xueyan and Li, Xiaodi and Xi, Qiang and Duan, Peiyong},
    journal={Mathematical Biosciences and Engineering},
    volume={15},
    number  = {6},
    pages={1495--1515},
    year={2018},
}

%%%%%%%%%%%%%%%%%% event-triggered control

@Article{Xu2015Event,
    author  = {Xu, Wenying and Ho, Daniel W. C. and Li, Lulu. and Cao, Jinde},
    title   = {Event-Triggered Schemes on Leader-Following Consensus of General Linear Multiagent Systems Under Different Topologies},
    journal = {IEEE Transactions on Cybernetics},
    year    = {2015},
    volume  = {47},
    number  = {1},
    pages   = {212--223},
}

@Article{Borgers2017Riccati,
    author  = {Borgers, D. P. and Dolk, V. S. and Heemels, W. P. M. H.},
    title   = {Riccati-Based Design of Event-Triggered Controllers for Linear Systems with Delays},
    journal = {IEEE Transactions on Automatic Control},
    year    = {2017},
    volume  = {63},
    number  = {1},
    pages   = {174--188},
}

@Article{Li2018AnEvent,
    author  = {Li, B. and Wang, Z. and Ma, L.},
    title   = {An Event-Triggered Pinning Control Approach to Synchronization of Discrete-Time Stochastic Complex Dynamical Networks},
    journal = {IEEE Transactions on Neural Networks and Learning Systems},
    year    = {2018},
    volume  = {29},
    number  = {12},
    pages   = {5812--5822},
}

@Article{Xu2018Finite,
    author  = {Xu, Wenying and Wang, Zidong and Ho, Daniel W. C.},
    title   = {Finite-Horizon ${H}_\infty$ Consensus for Multiagent Systems With Redundant Channels via An Observer-Type Event-Triggered Scheme},
    journal = {IEEE Transactions on Cybernetics},
    year    = {2018},
    volume  = {48},
    number  = {5},
    pages   = {1567--1576},
}


%%%%%%% event-triggered impulsive control

 

@Article{Zhu2018Event,
    author  = {Zhu, Wei and Wang, Dandan and Liu, Lu and Feng, Gang},
    title   = {Event-Based Impulsive Control of Continuous-Time Dynamic Systems and Its Application to Synchronization of Memristive Neural Networks},
    journal = {IEEE Transactions on Neural Networks and Learning Systems},
    year    = {2018},
    volume  = {29},
    number  = {8},
    pages   = {3599--3609},
}
%%%%%%%% event-triggered control based on decrease lyapunov function

@Article{Heemels2013Periodic,
    author  = {Heemels, W. P. M. H. and Donkers, M. C. F.},
    title   = {Periodic event-triggered control for linear systems},
    journal = {IEEE Transactions on Automatic Control},
    year    = {2013},
    volume  = {58},
    number  = {4},
    pages   = {847--861},
}

@Article{Tallapragada2014Decentralized,
    author  = {Tallapragada, Pavankumar and Chopra, Nikhil},
    title   = {Decentralized Event-Triggering for Control of Nonlinear Systems},
    journal = {IEEE Transactions on Automatic Control},
    year    = {2014},
    volume  = {59},
    number  = {12},
    pages   = {3312--3324},
}

@Article{Ning2017Event,
title={Event-based robust sampled-data model predictive control: A non-monotonic Lyapunov function approach},
author={He, Ning and Shi, Dawei},
journal={IEEE Transactions on Circuits and Systems I: Regular Papers},
volume={62},
number={10},
pages={2555--2564},
year={2015},
publisher={IEEE}
}
%%%%%%%%Chua's circuits

@Article{Dedieu2002Chaos,
title={Chaos shift keying: modulation and demodulation of a chaotic carrier using self-synchronizing {C}hua's circuits},
author={Dedieu, Herve and Kennedy, Michael Peter and Hasler, Martin},
journal={IEEE Transactions on Circuits and Systems II: Analog and Digital Signal Processing},
volume={40},
number={10},
pages={634--642},
year={1993},
publisher={IEEE}
}

%%%%%%%%3.2
%%%%%%%%part 1
@article{1988Germinal121,
    title={Germinal vesicle components are not required for the cell-cycle oscillator of the early starfish embryo},
    author={ Picard, A.  and  Harricane, M. C.  and  Labbe, J. C.  and  Doree, M. },
    journal={Developmental Biology},
    volume={128},
    number={1},
    pages={121--128},
    year={1988},
}
@article{2008BiologicalS1,
    title={Biological switches and clocks},
    author={ Tyson, J. J.  and  Albert, R.  and  Goldbeter, A.  and  Ruoff, P.  and  Sible, J. },
    journal={Journal of the Royal Society Interface},
    volume={5},
    pages={S1--S8},
    year={2008},
}
@article{1965Oscillatory425,
    title={Oscillatory behavior in enzymatic control processes},
    author={ Goodwin, B. C. },
    journal={Advances in Enzyme Regulation},
    volume={3},
    pages={425--439},
    year={1965},
}
@article{2005AFung118,
    title={A synthetic gene-metabolic oscillator},
    author={ Fung, E.  and  Wong, W. W.  and  Suen, J. K.  and  Bulter, T.  and  Lee, S.  and  Liao, J. C. },
    journal={Nature},
    volume={435},
    number={7038},
    pages={118--122},
    year={2005},
}
@article{2008AStricker516,
    title={A fast, robust and tunable synthetic gene oscillator},
    author={ Stricker, J.  and  Cookson, S.  and  Bennett, M. R.  and  Mather, W. H.  and  Tsimring, L. S.  and  Hasty, J. },
    journal={Nature},
    volume={456},
    number={7221},
    pages={516--519},
    year={2008},
}
@article{2004Modeling10955,
    title={Modeling a synthetic multicellular clock: Repressilators coupled by quorum sensing},
    author={ Garcia-Ojalvo, J.  and  Elowitz, M. B.  and  Strogatz, S. H. },
    journal={Proceedings of the National Academy of Sciences},
    volume={101},
    number={30},
    pages={10955--10960},
    year={2004},
}
@article{shen2019dissipativity5535,
    title={Dissipativity Analysis of Switched Gene Regulatory Networks Actuated by Persistent Dwell-Time Switching Strategy},
    author={Shen, Hao and Huang, Zhengguo and Xia, Jianwei and Cao, Jinde and Park, Ju H},
    journal={IEEE Transactions on Systems, Man, and Cybernetics: Systems},
    volume={51},
    number={9},
    pages={5535--5546},
    year={2021},
    publisher={IEEE}
}
@article{wu2017event1929,
    title={Event-triggered pinning control for consensus of multiagent systems with quantized information},
    author={Wu, Zheng-Guang and Xu, Yong and Pan, Ya-Jun and Shi, Peng and Wang, Qian},
    journal={IEEE Transactions on Systems, Man, and Cybernetics: Systems},
    volume={48},
    number={11},
    pages={1929--1938},
    year={2018},
    publisher={IEEE}
}
@article{2018SynchronizationGout1001,
    title={Synchronization control of oscillator networks using symbolic regression},
    author={ Gout, J.  and  Quade, M.  and  Shafi, K.  and  Niven, R. K.  and  Abel, M. },
    journal={Nonlinear Dynamics},
    volume={91},
    number={2},
    pages={1001--1021},
    year={2018},    
}
@article{2018ChemicalJorg032409,
    title={Chemical event chain model of coupled genetic oscillators},
    author={ Jorg, D. J.  and  Morelli, L. G.  and   Julicher, F.},
    journal={Physical Review E},
    volume={97},
    number={3},
    year={pp. 032409, 2018},
}
@article{2017Synchronization2544,
    title={Synchronization in Moving Pulse-Coupled Oscillator Networks},
    author={ Wang, J.  and  Xu, C.  and  Feng, J.  and  Chen, M. Z. Q.  and  Wang, X.  and  Zhao, Y. },
    journal={IEEE Transactions on Circuits and Systems I-Regular Papers},
    volume={62},
    number={10},
    pages={2544--2554},
    year={2017},
}
@article{2019On196,
    title={On the global synchronization of pulse-coupled oscillators interacting on chain and directed tree graphs},
    author={ Gao, H. and and Wang, Y.},
    volume={104},
    pages={196--206},
    journal={Automatica},
    year={2019},
}
@article{2015PassiveLu80,
    title={Passive synchronization for {M}arkov jump genetic oscillator networks with time-varying delays},
    author={ Lu, L.  and  He, B.  and  Man, C.  and  Wang, S. },
    journal={Mathematical Biosciences},
    volume={262},
    pages={80--87},
    year={2015},
}
@article{Zhi2017Cluster585,
    title={Cluster synchronization of coupled genetic regulatory networks with delays via aperiodically adaptive intermittent control},
    author={Guan, Z.-H. and Yue, D. and Hu, B. and Li, T. and Liu, F.},
    journal={IEEE Transactions on Nanobioscience},
    volume={16},
    number={7},
    pages={585--599},
    year={2017},
}
%%%%%part 2
@article{2014Intercellular211,
    title={Intercellular Delay Regulates the Collective Period of Repressively Coupled Gene Regulatory Oscillator Networks},
    author={ Wang, Y.  and  Hori, Y.  and  Hara, S.  and  Doyle, F. J. },
    journal={IEEE Transactions on Automatic Control},
    volume={59},
    number={1},
    pages={211--216},
    year={2014},
}
@article{Revathi2016Delay135,
    title={Delay decomposition approach to filtering analysis of genetic oscillator networks with time-varying delays},
    author={Revathi, V. M.  and Balasubramaniam, P.},
    journal={Cognitive Neurodynamics},
    volume={10},
    number={2},
    pages={135--147},
    year={2016},
}
@article{2019Bifurcation883,
    title={Bifurcation and Oscillatory Dynamics of Delayed Cyclic Gene Networks Including Small {RNA}s},
    author={ Xiao, M.  and  Zheng, W. X.  and  Jiang, G. },
    journal={IEEE Transactions on Cybernetics},
    volume={49},
    number={3},
    pages={883--896},
    year={2019},
}
@article{2019Distributed1111,
    title={Distributed dynamic self-triggered control for uncertain complex networks with {M}arkov switching topologies and random time-varying delay},
    author={ Tan, X.  and  Cao, J.  and  Rutkowski, L. },
    journal={IEEE Transactions on Network Science and Engineering},
    volume={7},
    number={3},
    pages={1111--1120},
    year={2020},
}
@article{2018Multiple39,
    title={Multiple stochastic resonances and oscillation transitions in cortical networks with time delay},
    author={ Yu, H.  and Guo, X. and  Wang, J.  and  Li, K.  and  Deng, B. and  Wei, X. and  Liu, C.},
    journal={IEEE Transactions on Fuzzy Systems},
    volume={28},
    number={1},
    pages={39--46},
    year={2020},
}
@article{2011Synchronization713,
    title={Synchronization in networks of genetic oscillators with delayed coupling},
    author={ Ping, L.  and  Lam, J. },
    journal={Asian Journal of Control},
    volume={13},
    number={5},
    pages={713--725},
    year={2011},
}
@article{2015Power549,
    title={Power-rate synchronization of coupled genetic oscillators with unbounded time-varying delay},
    journal={Cognitive Neurodynamics},
    volume={9},
    number={5},
    pages={549--559},
    year={2015},
}
@article{2020Coupling119,
    title={Coupling delay controls synchronized oscillation in the segmentation clock},
    author={ Yoshioka-Kobayashi, K.  and  Matsumiya, M.  and  Niino, Y.  and  Isomura, A.  and  Kageyama, R. },
    journal={Nature},
    volume={580},
    pages={119--123},
    year={2020},
}

@article{Jianquan2019Synchronization,
    title={Synchronization of Coupled {M}arkovian Reaction–Diffusion Neural Networks With Proportional Delays Via Quantized Control},
    author={ Yang, X. and Song,  Q. and Cao, J. and Lu, J.},
    journal={IEEE Transactions on Neural Networks and Learning Systems},
    volume={30},
    number={3},
    pages={951--958},
    year={2019},
}
@article{2019Adaptively2943621,
    title={Adaptively Synchronize the Derivative Coupled Complex Networks With Proportional Delay},
    author={ Tang, Z.  and Park, J. H. and  Wang, Y.  and  Feng, J. },
    journal={IEEE Transactions on Systems, Man, and Cybernetics: Systems},
    volume={51},
    number={8},
    pages={4969--4979},
    year={2021},
}
@article{2018Distributed3105,
    title={Distributed Impulsive Quasi-Synchronization of {L}ur'e Networks With Proportional Delay},
    author={ Tang, Z.  and  Park, J. H.  and  Wang, Y.  and  Feng, J. },
    journal={IEEE transactions on cybernetics},
    volume={49},
    number={8},
    pages={3105--3115},
    year={2019},
}

%%%%%part 3
@article{2018Persistent14,
    title={Persistent impulsive effects on stability of functional differential equations with finite or infinite delay},
    author={ Li, X.  and  Shen, J.  and  Rakkiyappan, R. },
    journal={Applied Mathematics and Computation},
    volume={329},
    pages={14--22},
    year={2018},
}
@article{2019Persistence130,
    title={Persistence of delayed cooperative models: Impulsive control method},
    author={Li, X. and Yang, X. and  Huang, T. },
    journal={Applied Mathematics and Computation},
    volume={342},
    pages={130--146},
    year={2019},
}
@article{2019Synchronization2943933,
    title={Synchronization on {L}ur'e Cluster Networks With Proportional Delay: Impulsive Effects Method},
    author={ Tang, Z.  and  Park, J. H. and  Wang, Y.  and  Zheng, W. X. },
    journal={IEEE Transactions on Systems, Man, and Cybernetics: Systems},
    volume={51},
    number={7},
    pages={4555--4565},
    year={2021},
}
@article{2020Synchronization4043,
    title={Synchronization of Time-Delayed Complex Networks With Switching Topology Via Hybrid Actuator Fault and Impulsive Effects Control},
    author={ Yang, X.  and  Li, X.  and  Lu, J.  and  Cheng, Z. },
    journal={IEEE Transactions on Cybernetics},
    volume={50},
    number={9},
    pages={4043--4052},
    year={2020},
}
 
@article{2012Synchronization285,
    title={Synchronization Control for Nonlinear Stochastic Dynamical Networks: Pinning Impulsive Strategy},
    author={ Lu, J.  and  Kurths, J.  and  Cao, J.  and  Mahdavi, N. and  Huang, C. },
    journal={IEEE Transactions on Neural Networks and Learning Systems},
    volume={23},
    number={2},
    pages={285--292},
    year={2012},
}
@article{2019Cluster109,
    title={Cluster synchronization of stochastic neural networks with delay via pinning impulsive control},
    author={ Pan, L.  and  Cao, J.  and  Al-Juboori, U. A.  and  Abdel-Aty, M. },
    journal={Neurocomputing},
    volume={366},
    number={13},
    pages={109--117},
    year={2019},
}
@article{2020Pinning123580,
    title={Pinning impulsive cluster synchronization of complex dynamical network},
    author={ Liu, L.  and  Liu, K.  and  Xiang, H.  and  Liu, Q. },
    journal={Physica A: Statistical Mechanics and its Applications},
    volume={545},
    year={pp. 123580, 2020},
}
@article{2019An2561,
    title={An Improved Impulsive Control Approach for Cluster Synchronization of Complex Networks With Parameter Mismatches},
    author={ Wang, X.  and  Park, J. H. and  Yang, H.  and  Zhong, S. },
    journal={IEEE Transactions on Systems, Man, and Cybernetics: Systems},
    volume={51},
    number={4},
    pages={2561--2570},
    year={2021},
}
@article{2017Event204,
    title={Event-Triggered Pinning Control of Switching Networks},
    author={ Adaldo, A.  and  Alderisio, F.  and Liuzza, D. and  Shi, G.  and  Dimarogonas, D. V.  and Bernardo, M. D. and  Johansson, K. H. },
    journal={IEEE Transactions on Control of Network Systems},
    volume={2},
    number={2},
    pages={204--213},
    year={2015},
}
@article{2018Synchronization1979,
    title={Synchronization Control for A Class of Discrete Time-Delay Complex Dynamical Networks: A Dynamic Event-Triggered Approach},
    author={ Li, Q.  and  Shen, B.  and  Wang, Z.  and  Huang, T.  and  Luo, J. },
    journal={IEEE Transactions on Cybernetics},
    volume={49},
    number={5},
    pages={1979--1986},
    year={2019},
}
@article{2019Pinning2368,
    title={Pinning Event-Triggered Sampling Control for Synchronization of {T-S} Fuzzy Complex Networks With Partial and Discrete-Time Couplings},
    author={ Zhang, R.  and Zeng, D. and  Park, J. H.  and  Liu, Y.  and  Zhong, S.},
    journal={IEEE Transactions on Fuzzy Systems},
    volume={27},
    number={12},
    pages={ 2368--2380},
    year={2019},
}
%%%%%part 4
@article{2017Event649,
    title={Event-based cluster synchronization of coupled genetic regulatory networks},
    author={ Yue, D.  and  Guan, Z. H.  and  Li, T.  and  Liao, R. Q.  and  Liu, F.  and  Lai, Q. },
    journal={Physica A: Statistical Mechanics and its Applications},
    volume={482},
    pages={649--665},
    year={2017},
}
@article{2021Cluster3072475,
    title={Cluster Synchronization of Coupled Neural Networks With {L}$\acute{e}$vy Noise via Event-Triggered Pinning Control},
    author={ Zhou, Wuneng  and  Sun, Yuqing  and  Zhang, Xin  and  Shi, Peng },
    journal={IEEE Transactions on Neural Networks and Learning Systems},
    year={10.1109/TNNLS.2021.3072475, 2021},
}
@article{Cao2015Cluster99,
    title={Cluster synchronization of complex networks via event-triggered strategy under stochastic sampling},
    author={Hu, A. and Cao, J. and Hu, M. and Guo, L.},
    journal={Physica A Statistical Mechanics and its Applications},
    volume={434},
    pages={99--110},
    year={2015},
}
@article{2019Consensus792,
    title={Consensus of Leader-Following Multiagent Systems: A Distributed Event-Triggered Impulsive Control Strategy},
    author={ Tan, X.  and  Cao, J.  and  Li, X. },
    journal={IEEE Transactions on Cybernetics},
    volume={49},
    number={3},
    pages={792--801},
    year={2019},
}
@article{2020Event108981,
    title={Event-triggered impulsive control for nonlinear delay systems},
    author={ Li, X.  and  Yang, X.  and  Cao, J. },
    journal={Automatica},
    volume={117},
    number={9},
     pages={108981},
    year={2020},
}
@article{2021Synchronization2491,
    title={Synchronization in Multiple Neural Networks With Delay and Disconnected Switching Topology via Event-Triggered Impulsive Control Strategy},
    author={ Chen, J.  and  Chen, B.  and  Zeng, Z. },
    journal={IEEE Transactions on Industrial Electronics},
    volume={68},
    number={3},
    pages={2491--2500},
    year={2021},
}
@article{Xudong2020Pinning105017,
    title={Pinning synchronization of fractional and impulsive complex networks via event-triggered strategy},
    author={ Hai, X. and Ren, G. and Yu, Y. and Xu, C. and Zeng, Y.},
    journal={Communications in Nonlinear Science and Numerical Simulation},
    volume={82},
    pages={105017},
    year={2020},
}
@article{2009Cluster829,
    title={Cluster Synchronization of Linearly Coupled
    Complex Networks Under Pinning Control},
    author={Wu, W. and Zhou, W. and Chen, T. },
    journal={IEEE Transactions on Circuits and Systems-I: Regular Papers},
    volume={56},
    number={4},
    pages={829--839},
    year={2009},
}
@book{2006An,
   title={An Introduction to Systems Biology: Design Principles of Biological Circuits},
   author={Alon, Uri},
   year={2007},
   publisher={ Boca Raton, FL, USA: Chapman and Hall/CRC}
}

@article{daptive1670,
    title={Adaptive Event-Triggered Consensus of Multi-Agent Systems on Directed Graphs},
    author={ Li, X.  and  Sun, Z.  and  Tang, Y.  and  Karimi, H. },
    journal={IEEE Transactions on Automatic Control},
    volume={66},
    number={4},
    pages={ 1670--1685},
    year={2021},
}
@article{secure2021176,
    title={Secure State Estimation and Control of Cyber-Physical Systems: A Survey},
    author={ Ding, D.  and  Han, Q. L.  and  Ge, X.  and  Wang, J. },
    journal={IEEE Transactions on Systems, Man, and Cybernetics: Systems},
    volume={51},
    number={1},
    pages={176--190},
    year={2021},
}
%%%%%%%%%chart 4
%part 1
@article{Boccaletti2006Complex175,
    title={Complex Networks: Structure and Dynamics},
    author={Boccaletti, Stefano and Latora, Vito and Moreno, Yamir and Chavez, Martin and Hwang, D-U},
    journal={Phys. Rep.},
    volume={424},
    number={4-5},
    pages={175--308},
    year={2006},
}
@article{Xiao2003Complex6,
    title={Complex networks: small-world, scale-free and beyond},
    author={Wang, Xiao Fan  and Chen, Guanrong},
    journal={IEEE Circuits Syst. Mag.},
    volume={3},
    number={1},
    pages={6--20},
    year={2003},
} 
@article{Subhabrata2004Analyzing219,
    title={Analyzing peer-to-peer traffic across large networks},
    author={Sen, Subhabrata and Wang, Jia},
    journal={IEEE/ACM Trans. Netw.},
    volume={12},
    number={2},
    pages={219--232},
    year={2004},
}
@article{suykens1997master665,
    title={Master-slave synchronization of {L}ur'e systems},
    author={Suykens, JAK and Vandewalle, Joos},
    journal={Int. J. Bifurcat. Chaos},
    volume={7},
    number={3},
    pages={665--669},
    year={1997},
    publisher={World Scientific}
} 

@article{wu2013sampled410,
    title={Sampled-data synchronization of chaotic {L}ur'e systems with time delays},
    author={Wu, Zheng-Guang and Shi, Peng and Su, Hongye and Chu, Jian},
    journal={IEEE Trans. Neural Netw. Learn. Syst.},
    volume={24},
    number={3},
    pages={410--421},
    year={2013},
    publisher={IEEE}
}
@article{Rakkiyappan2017Exponential217,
    title={Exponential synchronization of {L}ur'e complex dynamical networks with uncertain inner coupling and pinning impulsive control},
    author={Rakkiyappan, R.  and Velmurugan, G. and  George, J. N. and Selvamani, R.},
    journal={Applied Mathematics and Computation},
    volume={307},
    pages={217--231},
    year={2017},
}
@article{feng2013cluster2117,
    title={Cluster synchronisation of non-linearly coupled {L}ur’e networks with identical and non-identical nodes and an asymmetrical coupling matrix},
    author={Feng, Jianwen and Tang, Ze and Zhao, Yi and Xu, Chen},
    journal={IET Control. Theory Appl.},
    volume={7},
    number={18},
    pages={2117--2127},
    year={2013},
}
@article{tang2017finite1213,
    title={Finite-time cluster synchronization of {L}ur'e networks: a nonsmooth approach},
    author={Tang, Ze and Park, J. H. and Shen, Hao},
    journal={IEEE Trans. Syst., Man, Cybern., Syst.},
    volume={48},
    number={8},
    pages={1213--1224},
    year={2018},
}
 


@article{Rakkiyappan2017Exponential3958,
    title={Exponential ${H}_{\infty }$  Synchronization of {L}ur'e Complex Dynamical Networks Using Pinning Sampled-Data Control},
    author={Rakkiyappan, R. and Latha, V. Preethi and Sivaranjani, K.},
    journal={Circuits, Syst. Signal Process.},
    volume={36},
    number={10},
    pages={3958--3982},
    year={2017},
}
@article{Wang2012Cluster72,
    title={Cluster synchronization for delayed {L}ur'e dynamical networks based on pinning control},
    author={Wang, Ting and Li, Tao and Yang, Xin and Fei, Shumin},
    journal={Neurocomputing},
    volume={83},
    pages={72--82},
    year={2012},
}
@article{2018Distributed3105,
    title={Distributed Impulsive Quasi-Synchronization of {L}ur'e Networks With Proportional Delay},
    author={Tang, Ze and Park, Ju H and Wang, Yan and Feng, Jianwen},
    journal={IEEE Trans. Cybern.},
    year={2018},
    volume={49},
    number={8},
    pages={3105--3115},
}
@article{hua2014synchronization,
    title={Synchronization of chaotic {L}ur’e systems with time delays using sampled-data control},
    author={Hua, Changchun and Ge, Chao and Guan, Xinping},
    journal={IEEE Trans. Neural Netw. Learn. Syst.},
    volume={26},
    number={6},
    pages={1214--1221},
    year={2015},
    publisher={IEEE}
}
%%%%%part 2
@article{brieger2009flight92,
    title={Flight testing of a rate saturation compensation scheme on the {ATTAS} aircraft},
    author={Brieger, Oliver and Kerr, Murray and Lei{\ss}ling, Dirk and Postlethwaite, Ian and Sofrony, Jorge and Turner, MC},
    journal={Aerospace Science and Technology},
    volume={13},
    number={2-3},
    pages={92--104},
    year={2009},
    publisher={Elsevier}
}
@article{farantatos2015predictive1826,
    title={A predictive generator out-of-step protection and transient stability monitoring scheme enabled by a distributed dynamic state estimator},
    author={Farantatos, Evangelos and Huang, Renke and Cokkinides, George J and Meliopoulos, AP},
    journal={IEEE Transactions on Power Delivery},
    volume={31},
    number={4},
    pages={1826--1835},
    year={2016},
    publisher={IEEE}
}
@article{CY2015Feedback23,
    title={Feedback linearization design of a ship steering autopilot with saturating and slew rate limiting actuator},
    author={Tzeng, C. Y. and Goodwin, G. C. and Crisafulli, S.},
    journal={Int. J. Adapt. Control},
    volume={13},
    number={1},
    pages={23-30},
    year={2015},
}
@article{xiao2011adaptive1605,
    title={Adaptive sliding mode fault tolerant attitude tracking control for flexible spacecraft under actuator saturation},
    author={Xiao, Bing and Hu, Qinglei and Zhang, Youmin},
    journal={IEEE Transactions on Control Systems Technology},
    volume={20},
    number={6},
    pages={1605--1612},
    year={2012},
    publisher={IEEE}
}
@article{da2005antiwindup106,
    title={Antiwindup design with guaranteed regions of stability: an {LMI}-based approach},
    author={Da Silva, Joao Manoel Gomes and Tarbouriech, Sophie},
    journal={IEEE Transactions on Automatic Control},
    volume={50},
    number={1},
    pages={106--111},
    year={2005},
    publisher={IEEE}
}
@book{hu2001control,
    title={Control systems with actuator saturation: analysis and design},
    author={Hu, Tingshu and Lin, Zongli},
    year={2001},
    publisher={ Boston, MA: Birkh{\"a}user}
}
@article{li2013improvements821,
    title={Improvements to the linear differential inclusion approach to stability analysis of linear systems with saturated linear feedback},
    author={Li, Yuanlong and Lin, Zongli},
    journal={Automatica},
    volume={49},
    number={3},
    pages={821--828},
    year={2013},
    publisher={Elsevier}
}

@article{Hu2002Exact164,
    title={Exact characterization of invariant ellipsoids for single input linear systems subject to actuator saturation},
    author={Hu, Tingshu and Lin, Zongli},
    journal={IEEE Trans. Autom. Control},
    volume={47},
    number={1},
    pages={164--169},
    year={2002},
}
@article{da1999Polyhedral2081,
    title={Polyhedral regions of local stability for linear discrete-time systems with saturating controls},
    author={Da Silva, Joao Manoel Gomes and Tarbouriech, Sophie},
    journal={IEEE Trans. Autom. Control},
    volume={44},
    number={11},
    pages={2081--2085},
    year={1999},
    publisher={IEEE}
}
@article{Cao2002An140,
    title={An antiwindup approach to enlarging domain of attraction for linear systems subject to actuator saturation},
    author={Cao, Yong-Yan and Lin, Zongli and Ward, David G},
    journal={IEEE Trans. Autom. Control},
    volume={47},
    number={1},
    pages={140--145},
    year={2002},
    publisher={IEEE}
}
@article{Yonggang2019Exponential1000,
    title={Exponential synchronization for delayed dynamical networks via intermittent control: {D}ealing with actuator saturations},
    author={Chen, Yonggang and Wang, Zidong and Shen, Bo and Dong, Hongli},
    journal={IEEE Trans. Neural Netw. Learn. Syst.},
    volume={30},
    number={4},
    pages={1000--1012},
    year={2018},
    publisher={IEEE}
}
@article{2018Observer1516,
    title={Observer-Based Synchronization of Complex Dynamical Networks Under Actuator Saturation and Probabilistic Faults},
    author={ Selvaraj, Palanisamy  and  Sakthivel, Rathinasamy  and  Ahn, Choon Ki },
    journal={IEEE Trans. Syst. Man,  Cybern., Syst.},
    volume={49},
    number={7},
    pages={1516--1526},
    year={2019},
    publisher={IEEE}
}
@article{Guan2019Synchronization5508,
    title={Synchronization of Complex Dynamical Networks with Actuator Saturation by Using Sampled-Data Control},
    author={Guan, Yi and Wu, Yuanqing and Wu, Hao and Li, Yanzhou and He, Shenghuang},
    journal={Circuits, Syst. Signal Process.},
    volume={38},
    number={12},
    pages={5508--5527},
    year={2019},
    publisher={Springer}
}
%%%%%part 3
 
@article{2013Single581,
    title={Single impulsive controller for globally exponential synchronization of dynamical networks},
    author={ Lu, Jianquan  and  Ho, Daniel W. C.  and  Cao, Jinde  and Jürgen Kurths},
    journal={Nonlinear Anal-Real},
    volume={14},
    number={1},
    pages={581--593},
    year={2013},
}
@article{2020Synchronization38,
    title={Synchronization of coupled neural networks under mixed impulsive effects: a novel delay inequality approach},
    author={ Wang, Yaqi  and  Lu, Jianquan  and  Li, Xiaodi  and  Liang, Jinling },
    journal={ Neural Networks},
    volume={127},
    pages={38--46},
    year={2020},
}
 
@article{tang2020input108766,
    title={Input-to-state stability for nonlinear systems with stochastic impulses},
    author={Tang, Yang and Wu, Xiaotai and Shi, Peng and Qian, Feng},
    journal={Automatica},
    volume={113},
    year={pp. 108766, 2020},
    publisher={Elsevier}
}

@article{li2020double,
    title={Double explosive transitions to synchronization and cooperation in intertwined dynamics and evolutionary games},
    author={Li, Xuelong and Dai, Xiangfeng and Jia, Danyang and Guo, Hao and Li, Shudong and Cooper, Garth D and Alfaro-Bittner, Karin and Perc, Matja{\v{Z}} and Boccaletti, Stefano and Wang, Zhen},
    journal={New J. Phys.},
    volume={22},
    number={12},
    year={pp. 123026, 2020},
    publisher={IOP Publishing}
}
@article{dai2020explosive,
    title={Explosive synchronization in populations of cooperative and competitive oscillators},
    author={Dai, Xiangfeng and Li, Xuelong and Guti{\'e}rrez, Ricardo and Guo, Hao and Jia, Danyang and Perc, Matja{\v{z}} and Manshour, Pouya and Wang, Zhen and Boccaletti, Stefano},
    journal={Chaos, Soliton. Fract.},
    volume={132},
    year={pp. 109589, 2020},
    publisher={Elsevier}
}
@article{zhang2013synchronization,
    title={Synchronization of nonlinear dynamical networks with heterogeneous impulses},
    author={Zhang, Wenbing and Tang, Yang and Wu, Xiaotai and Fang, Jian-An},
     journal={IEEE Transactions on Circuits and Systems I: Regular Papers},
    volume={61},
    number={4},
    pages={1220--1228},
    year={2013},
    publisher={IEEE}
}
@article{zhang2019sampled,
    title={Sampled-data control for a class of linear time-varying systems},
    author={Zhang, Wenbing and Han, Qing-Long and Tang, Yang and Liu, Yurong},
    journal={Automatica},
    volume={103},
    pages={126--134},
    year={2019},
    publisher={Elsevier}
}
@article{tang2015leader346,
    title={Leader-following consensus of a class of stochastic delayed multi-agent systems with partial mixed impulses},
    author={Tang, Yang and Gao, Huijun and Zhang, Wenbing and Kurths, J{\"u}rgen},
    journal={Automatica},
    volume={53},
    pages={346--354},
    year={2015},
    publisher={Elsevier}
}


@article{li2020impulsivePolytopic,
    title={Impulsive Stabilization of Nonlinear Time-Delay System With Input Saturation via Delay-Dependent Polytopic Approach},
    author={Li, Hongfei and Li, Chuandong and Ouyang, Deqiang and Nguang, Sing Kiong},
    journal={IEEE Transactions on Systems, Man, and Cybernetics: Systems},
    volume={51},
    number={11},
    pages={7087--7098},
    year={2021},
}
@article{shen2019estimation,
title={Estimation of the domain of attraction for discrete-time linear impulsive control systems with input saturation},
author={Shen, Zixiang and Li, Chuandong and Li, Hongfei and Cao, Zhengran},
journal={Applied Mathematics and Computation},
volume={362},
pages={124502},
year={2019},
publisher={Elsevier}
}
@article{watts1998collective440,
    title={Collective dynamics of ‘small-world’networks},
    author={Watts, Duncan J and Strogatz, Steven H},
    journal={Nature},
    volume={393},
    number={6684},
    pages={440--442},
    year={1998},
    publisher={Nature Publishing Group}
}
@article{camacho2002robust,
    title={Robust patterns in food web structure},
    author={Camacho, Juan and Guimer{\`a}, Roger and Amaral, Lu{\'\i}s A Nunes},
    journal={ Physical Review Letters},
     volume={88},
    number={22},
    pages={228102},
    year={2002}
}
@article{redner1998popular131,
    title={How popular is your paper? {A}n empirical study of the citation distribution},
    author={Redner, Sidney},
    journal={Eur. Phys. J. B},
    volume={4},
    number={2},
    pages={131--134},
    year={1998},
    publisher={Springer}
}
@article{yu2009second881,
    title={Second-order consensus for multiagent systems with directed topologies and nonlinear dynamics},
    author={Yu, Wenwu and Chen, Guanrong and Cao, Ming and Kurths, J{\"u}rgen},
    journal={IEEE Trans. Syst., Man,  Cybern., B, Cybern.},
    volume={40},
    number={3},
    pages={881--891},
    year={2009},
    publisher={IEEE}
}
@article{gu2019pidDOI,
    title={{PID} control for synchronization of complex dynamical networks with directed topologies},
    author={Gu, Haibo and Liu, Peng and L{\"u}, Jinhu and Lin, Zongli},
    journal={IEEE Transactions on Cybernetics},
    volume={51},
    number={3},
    pages={1334--1346},
    year={2021},
    publisher={IEEE},
}
 
@article{yang2007stability1448,
    title={Stability analysis and design of impulsive control systems with time delay},
    author={Yang, Zhichun and Xu, Daoyi},
    journal={IEEE Transactions on Automatic Control},
    volume={52},
    number={8},
    pages={1448--1454},
    year={2007},
    publisher={IEEE}
}
@article{yalcin2000experimental425,
    title={Experimental confirmation of 3-and 5-scroll attractors from a generalized {C}hua's circuit},
    author={Yalcin, ME and Suykens, JAK and Vandewalle, Joos},
    journal={IEEE Transactions on Circuits and Systems I: Fundamental Theory and Applications},
    volume={47},
    number={3},
    pages={425--429},
    year={2000},
    publisher={IEEE}
}
@book{liao2007stability,
    title={Stability of dynamical systems},
    author={Liao, Xiaoxin and Wang, LQ and Yu, Pei},
    year={2007},
    publisher={ The Netherlands: Elsevier Press}
}
%%%%%%%%%%chart4.2

%part 1
%Coordination
@book{2011DistributedLondon,
    title={Distributed Coordination of Multi-agent Networks: Emergent Problems, Models, and Issues},
    author={ Wei, R.  and  Cao, Y. },
    publisher={Springer London},
    year={2011},
}
@article{2013An427,
    title={An Overview of Recent Progress in the Study of Distributed Multi-Agent Coordination},
    author={Cao, Yongcan and Yu, Wenwu and Ren, Wei and Chen, Guanrong},
    journal={IEEE Transactions on Industrial Informatics},
    volume={9},
    number={1},
    pages={427--438},
    year={2013},
}

@article{2018Multi345,
    title={Multi-Agent Coordination to High-Dimensional Target Subspaces},
    author={ Sakurama, K.  and  Azuma, S. I.  and  Sugie, T. },
    journal={IEEE Transactions on Control of Network Systems},
    volume={5},
    number={1},
    pages={345--358},
    year={2018},
}
%Consensus
@article{2015Event1998,
    title={Event-Triggering Sampling Based Leader-Following Consensus in Second-Order Multi-Agent Systems},
    author={ Li, H.  and  Liao, X.  and  Huang, T.  and  Zhu, W. },
    journal={IEEE Transactions on Automatic Control},
    volume={60},
    number={7},
    pages={1998--2003},
    year={2015},
}
@article{2011Output200,
    title={Output Consensus of Heterogeneous Uncertain Linear Multi-Agent Systems},
    author={ Kim, H.  and  Shim, H.  and  Seo, J. H. },
    journal={IEEE Transactions on Automatic Control},
    volume={56},
    number={1},
    pages={200--206},
    year={2011},
}
@article{2017A1625,
    title={A Distributed Finite-Time Consensus Algorithm for Higher-Order Leaderless and Leader-Following Multiagent Systems},
    author={ Du, H.  and  Wen, G.  and  Chen, G.  and  Cao, J.  and  Alsaadi, F. E. },
    journal={IEEE Transactions on Systems, Man, and Cybernetics: Systems},
    volume={47},
    number={7},
    pages={1625--1634},
    year={2017},
}
%nonlinear
@article{2014Semi2222,
    title={Semi-Global Consensus of Nonlinear Second-Order Multi-Agent Systems With Measurement Output Feedback},
    author={ Fan, M. C.  and  Chen, Z.  and  Zhang, H. T. },
    journal={IEEE Transactions on Automatic Control},
    volume={59},
    number={8},
    pages={2222--2227},
    year={2014},
}
@article{2017Leader327,
    title={Leader-Following Consensus of Nonlinear Multiagent Systems With Stochastic Sampling},
    author={ He, W.  and  Zhang, B.  and  Han, Q. L.  and  Feng, Q.  and  Kurths, J.  and  Cao, J. },
    journal={IEEE Transactions on Cybernetics},
    volume={47},
    number={2},
    pages={327--338},
    year={2017},
}
@article{2017Adaptive4654,
    title={Adaptive Consensus of Nonlinear Multi-Agent Systems With Non-Identical Partially Unknown Control Directions and Bounded Modelling Errors},
    author={Chen, Ci and Wen, Changyun and Liu, Zhi and Xie, Kan and Zhang, Yun and Chen, C. L. Philip},
    journal={IEEE Transactions on Automatic Control},
    volume={62},
    number={9},
    pages={4654--4659},
    year={2017},
}
%switching topology
@article{2014Second881,
    title={Second-order consensus of nonlinear multi-agent systems with restricted switching topology and time delay},
    author={ Chen, K.  and  Wang, J.  and  Zhang, Y.  and  Liu, Z. },
    journal={Nonlinear Dynamics},
    volume={78},
    number={2},
    pages={881--887},
    year={2014},
}

@article{2017Event5350,
    title={Event-triggered consensus of nonlinear multi-agent systems with stochastic switching topology},
    author={ Liu, L.  and  Shan, J. },
    journal={Journal of the Franklin Institute},
    volume={354},
    number={13},
    pages={5350--5373},
    year={2017},
}
@article{2021Consensus3331,
    title={Consensus of Heterogeneous Second-Order Nonlinear Uncertain Multi-Agent Systems Under Switching Networks},
    author={ Lu, M.  and  Liu, L. },
    journal={IEEE Transactions on Automatic Control},
    volume={66},
    number={7},
    pages={3331--3338},
    year={2021},
}
%communication time delay
@article{2015Sampled369,
    title={Sampled-data leader-following consensus for nonlinear multi-agent systems with {M}arkovian switching topologies and communication delay},
    author={ Lei, D.  and  Ge, G. },
    journal={Journal of the Franklin Institute},
    volume={352},
    number={1},
    pages={369--383},
    year={2015},
}
@article{2016Consensus3311,
    title={Consensus of a class of second‐order nonlinear heterogeneous multi‐agent systems with uncertainty and communication delay},
    author={ Meng, H.  and  Chen, Z.  and  Zhu, L.  and  Middleton, R. },
    journal={International Journal of Robust and Nonlinear Control},
    volume={26},
    pages={3311--3329},
    year={2016},
}
@article{2019Leader,
    title={Leader-following Consensus of Nonlinear Multi-agent Systems via Reliable Control with Time-varying Communication Delay},
    author={ Subramanian, K.  and  Muthukumar, P.  and  Joo, Y. H. },
    journal={International Journal of Control, Automation and Systems},
    volume={17},
    number={2},
    pages={298--306},
    year={2019},
}
@article{2021Consensus126,
    title={Consensus Tracking of Data-Sampled Nonlinear Multi-Agent Systems With Packet Loss and Communication Delay},
    author={Jiang, Xiangli and Xia, Guihua and Feng, Zhiguang and Jiang, Zhengyi},
    journal={IEEE Transactions on Network Science and Engineering},
    volume={8},
    number={1},
    pages={126--137},
    year={2021},
}

% time delay
@article{2014Adaptive1217,
    title={Adaptive Consensus Control for a Class of Nonlinear Multiagent Time-Delay Systems Using Neural Networks},
    author={Chen, C. L. Philip and Wen, Guo-Xing and  Liu, Yan-Jun and Wang, Fei-Yue},
    journal={IEEE Transactions on Neural Networks and Learning Systems},
    volume={25},
    number={6},
    pages={1217--1226},
    year={2014},
}
@article{2020Quasi2964826,
    title={Quasi-Consensus Control for a Class of Time-Varying Stochastic Nonlinear Time-Delay Multiagent Systems Subject to Deception Attacks},
    author={ Liu, L.  and  Sun, H.  and  Ma, L.  and  Zhang, J.  and  Bo, Y. },
    journal={IEEE Transactions on Systems, Man, and Cybernetics: Systems},
    volume={51},
    number={11},
    pages={ 6863--6873},
    year={2021},
}
@article{2021Leader109444,
    title={Leader–follower consensus of nonlinear time-delay multiagent systems: A time-varying gain approach},
    author={ Li, H.  and  Liu, Q.  and  Feng, G.  and  Zhang, X. },
    journal={Automatica},
    volume={126},
    number={11},
     pages={109444},
    year={2021},
}
%part 3
%actuator saturation
@article{2013Analysis871,
    title={Analysis and design of discrete-time linear systems with nested actuator saturations},
    author={ Zhou, B. },
    journal={Systems and Control Letters},
    volume={62},
    number={10},
    pages={871--879},
    year={2013},
}
@article{2014Global499,
    title={Global consensus for discrete-time multi-agent systems with input saturation constraints},
    author={ Tao, Y.  and  Meng, Z.  and  Dimarogonas, D. V.  and  Johansson, K. H. },
    journal={Automatica},
    volume={50},
    number={2},
    pages={499--506},
    year={2014},
}
@article{2017Global1270,
    title={Global Cooperative Control Framework for Multiagent Systems Subject to Actuator Saturation With Industrial Applications},
    author={ Wang, B.  and  Wang, J.  and  Zhang, B.  and  Li, X. },
    journal={IEEE Transactions on Systems, Man, and Cybernetics: Systems},
    volume={47},
    number={7},
    pages={1270--1283},
    year={2017},
}

@book{2018StabilityLi,
    title={Stability and Performance of Control Systems with Actuator Saturation},
    author={ Li, Y.  and  Lin, Z. },
    publisher={Switzerland: Birkh{\" a}user},
    year={2018},
}
@article{2020Performance734,
    title={Performance Improvement of Consensus Tracking for Linear Multiagent Systems With Input Saturation: A Gain Scheduled Approach},
    author={ Chu, H.  and  Yi, B.  and  Zhang, G.  and  Zhang, W. },
    journal={IEEE Transactions on Systems Man and Cybernetics Systems},
    volume={50},
    number={3},
    pages={734--746},
    year={2020},
} 
@article{2013Adaptive1545,
    title={Adaptive flocking control of nonlinear multi-agent systems with directed switching topologies and saturation constraints},
    author={ Atrianfar, H.  and  Haeri, M. },
    journal={Journal of the Franklin Institute},
    volume={350},
    number={6},
    pages={1545--1561},
    year={2013},
}
@article{2018Event4391,
    title={Event-Triggered Leader-Following Consensus for Nonlinear Multiagent Systems Subject to Actuator Saturation Using Dynamic Output Feedback Method},
    author={ You, X.  and  Hua, C.  and  Guan, X. },
    journal={IEEE Transactions on Automatic Control},
    volume={63},
    number={12},
    pages={4391--4396},
    year={2018},
}
@article{2020Consensus194,
    title={Consensus Tracking of Nonlinear Multi-agent Systems under Input Saturation with Applications: A Sector-based Approach},
    author={ Rehman, A. U.  and  Rehan, M.  and  Mehar, M. R.  and  Abid, M.  and  Awan, N. I. },
    journal={ISA Transactions},
    volume={107},
    pages={194--205},
    year={2020},
}
@article{2020Adaptive3013960,
    title={Adaptive Fuzzy Nonsingular Fixed-Time Control for Nonstrict-Feedback Constrained Nonlinear Multi-Agent Systems with Input Saturation},
    author={ Yang, H.  and  Ye, D. },
    journal={IEEE Transactions on Fuzzy Systems},
    volume={29},
    number={10},
    pages={3142--3153},
    year={2021},
}
%Impulsive control
@article{2012An1875,
    title={An impulsive delay differential inequality and applications.},
    author={ Li, X.  and  Bohner, M. },
    journal={Computers and Mathematics with Applications},
    volume={64},
    number={6},
    pages={1875--1881},
    year={2012},
}
@article{2017Stability129,
    title={Stability and ${L}_2$-gain analysis for impulsive delay systems: An impulse-time-dependent discretized {L}yapunov functional method},
    author={Chen, Wu-Hua and Ruan, Zhen and Zheng, Weixing},
    journal={Automatica},
    volume={86},
    pages={129--137},
    year={2017},
}
@article{2019Persistence130,
    title={Persistence of delayed cooperative models: Impulsive control method},
    author={Li, Xiaodi and Yang, Xueyan and  Huang, Tingwen},
    journal={Applied Mathematics and Computation},
    volume={342},
    pages={130--146},
    year={2019},
}
@article{2020Leader1,
    title={Leader-following synchronization of complex dynamic networks via event-triggered impulsive control},
    author={ Peng, D.  and  Li, X. },
    journal={Neurocomputing},
    volume={412},
    pages={1--10},
    year={2020},
}
%actuator saturation+impulsive control
@article{2019dynamic1699,
    title={Dynamic consensus of nonlinear time-delay multi-agent systems with input saturation: an impulsive control algorithm},
    author={Liu, Xiaolu and Xiao, Jiang-Wen and Chen, Duxin and Wang, Yan-Wu},
    journal={Nonlinear Dynamics},
    volume={97},
    number={2},
    pages={1699--1710},
    year={2019},
    publisher={Springer}
}
@article{li2020impulsive,
    title={Impulsive synchronization of unbounded delayed inertial neural networks with actuator saturation and sampled-data control and its application to image encryption},
    author={Li, Hongfei and Li, Chuandong and Ouyang, Deqiang and Nguang, Sing Kiong},
    journal={IEEE Transactions on Neural Networks and Learning Systems},
    volume={32},
    number={4},
    pages={1460--1473},
    year={2020},
    publisher={IEEE}
}
@article{2020Distributed,
    title={Distributed Adaptive Fault-Tolerant Consensus of Nonlinear Multi-Agent Systems via State-Constraint Impulsive Protocols With Time-Delay},
    author={ Ke, C.  and  Li, C.  and  Zhang, Q. },
    journal={IEEE Transactions on Network Science and Engineering},
    volume={PP},
    number={99},
    pages={1-1},
    year={2020},
}
@article{HE2021126452,
     title={Local synchronization of nonlinear dynamical networks with hybrid impulsive saturation control inputs},
    author={He, Zhilong and Li, Chuandong and Li, Yi and Cao, Zhengran and Zhang, Xiaoyu},
    journal={Applied Mathematics and Computation},
    volume={410},
    pages={126452},
    year={2021},
    publisher={Elsevier}
}
%
@article{2012Adaptive1432,
    title={Adaptive cooperative tracking control of higher-order nonlinear systems with unknown dynamics},
    author={ Zhang, H.  and  Lewis, F. L. },
    journal={Automatica},
    volume={48},
    number={7},
    pages={1432--1439},
    year={2012},
}
@article{zhang2017sampled2199,
    title={Sampled-data-based lag synchronization of chaotic delayed neural networks with impulsive control},
    author={Zhang, Xiaoyu and Lv, Xiaoxiao and Li, Xiaodi},
    journal={Nonlinear Dynamics},
    volume={90},
    number={3},
    pages={2199--2207},
    year={2017},
    publisher={Springer}
}
@article{tan2018consensus792,
    title={Distributed dynamic self-triggered impulsive control for consensus networks: The case of impulse gain with normal distribution},
    author={Tan, Xuegang and Cao, Jinde and Rutkowski, Leszek and Lu, Guoping},
    journal={IEEE Transactions on Cybernetics},
    year={2021},
    volume={51},
    number={2},
    pages={624--634},
    publisher={IEEE}
}
@article{liu2019delayed3045,
    title={Delayed impulsive control for consensus of multiagent systems with switching communication graphs},
    author={Liu, Zhi-Wei and Wen, Guanghui and Yu, Xinghuo and Guan, Zhi-Hong and Huang, Tingwen},
    journal={IEEE Transactions on Cybernetics},
    volume={50},
    number={7},
    pages={3045--3055},
    year={2019},
    publisher={IEEE}
}

@article{shen2019estimation,
    title={Estimation of the domain of attraction for discrete-time linear impulsive control systems with input saturation},
    author={Shen, Zixiang and Li, Chuandong and Li, Hongfei and Cao, Zhengran},
    journal={Applied Mathematics and Computation},
    volume={362},
    year={pp.124502,2019},
    publisher={Elsevier}
}
@article{ouyang2020impulsive,
    title={Impulsive synchronization of coupled delayed neural networks with actuator saturation and its application to image encryption},
    author={Ouyang, Deqiang and Shao, Jie and Jiang, Haijun and Nguang, Sing Kiong and Shen, Heng Tao},
    journal={Neural Networks},
    volume={128},
    pages={158--171},
    year={2020},
    publisher={Elsevier}
}
@article{2013Synchronization3486,
    title={Synchronization of Coupled Reaction-Diffusion Neural Networks with Time-Varying Delays via Pinning-Impulsive Controller},
    author={ Yang, X.  and  Cao, J.  and  Yang, Z. },
    journal={SIAM Journal on Control and Optimization},
    volume={51},
    number={5},
    pages={3486--3510},
    year={2013},
}
@article{zhou2011pinning2882,
    title={Pinning complex delayed dynamical networks by a single impulsive controller},
    author={Zhou, Jin and Wu, Quanjun and Xiang, Lan},
    journal={IEEE Transactions on Circuits and Systems I: Regular Papers},
    volume={58},
    number={12},
    pages={2882--2893},
    year={2011},
    publisher={IEEE}
}

@article{liu2020intralayer3006032,
    title={Intralayer synchronization of multiplex dynamical networks via pinning impulsive control},
    author={Liu, Hui and Li, Jie and Li, Zengyang and Zeng, Zhigang and L{\"u}, Jinhu},
    journal={IEEE Transactions on Cybernetics},
    volume={52},
    number={4},
    pages={2110--2122},
    year={2022},
    publisher={IEEE}
}
@article{zhou2012impulsive1393,
    title={Impulsive pinning complex dynamical networks and applications to firing neuronal synchronization},
    author={Zhou, Jin and Wu, Quanjun and Xiang, Lan},
    journal={Nonlinear dynamics},
    volume={69},
    number={3},
    pages={1393--1403},
    year={2012},
    publisher={Springer}
}
 
@article{guan2017cluster585,
    title={Cluster synchronization of coupled genetic regulatory networks with delays via aperiodically adaptive intermittent control},
    author={Guan, Zhi-Hong and Yue, Dandan and Hu, Bin and Li, Tao and Liu, Feng},
    journal={IEEE Transactions on NanoBioscience},
    volume={16},
    number={7},
    pages={585--599},
    year={2017},
    publisher={IEEE}
}
@article{chen2002phase056203,
    title={Phase synchronization in coupled chaotic oscillators with time delay},
    author={Chen, JY and Wong, KW and Shuai, JW},
    journal={Physical Review E},
    volume={66},
    number={5},
    pages={056203},
    year={2002},
    publisher={APS}
}
@article{2009The1276,
    title={The chaotic phase synchronization in adaptively coupled-delayed complex networks},
    author={ Yu, X.  and  Ren, Q.  and  Hou, J.  and  Zhao, J. },
    journal={Physics Letters A},
    volume={373},
    number={14},
    pages={1276-1282},
    year={2009},
}

@article{wang2018generalized6597,
    title={Generalized lag synchronization of multiple weighted complex networks with and without time delay},
    author={Wang, Qing and Wang, Jin-Liang and Huang, Yan-Li and Ren, Shun-Yan},
    journal={Journal of the Franklin Institute},
    volume={355},
    number={14},
    pages={6597--6616},
    year={2018},
    publisher={Elsevier}
}

@article{chen2021quasi3103597,
    title={Quasi-Synchronization of Fuzzy Heterogeneous Complex Networks via Intermittent Discrete-time State Observations Control},
    author={Chen, Tianrui and Wang, Wenhua and Wu, Yongbao},
    journal={IEEE Transactions on Fuzzy Systems},
    year={2021, DOI: 10.1109/TFUZZ.2021.3103597},
    publisher={IEEE}
}
@article{2013Function1182,
    title={Function projective synchronization in complex dynamical networks with time delay via hybrid feedback control},
    author={ Du, H.  and  Peng, S.  and  Ning, L. },
    journal={Nonlinear Analysis Real World Applications},
    volume={14},
    number={2},
    pages={1182-1190},
    year={2013},
}
@article{qian2017local2462,
    title={Local consensus of nonlinear multiagent systems with varying delay coupling},
    author={Qian, Wei and Wang, Lei and Chen, Michael ZQ},
    journal={IEEE Transactions on Systems, Man, and Cybernetics: Systems},
    volume={48},
    number={12},
    pages={2462--2469},
    year={2018},
    publisher={IEEE}
}
@article{chen2014second881,
    title={Second-order consensus of nonlinear multi-agent systems with restricted switching topology and time delay},
    author={Chen, Kairui and Wang, Junwei and Zhang, Yun and Liu, Zhi},
    journal={Nonlinear Dynamics},
    volume={78},
    number={2},
    pages={881--887},
    year={2014},
    publisher={Springer}
}
@article{ding2015sampled369,
    title={Sampled-data leader-following consensus for nonlinear multi-agent systems with {M}arkovian switching topologies and communication delay},
    author={Ding, Lei and Guo, Ge},
    journal={Journal of the Franklin Institute},
    volume={352},
    number={1},
    pages={369--383},
    year={2015},
    publisher={Elsevier}
}
@article{ren2020leader186,
    title={Leader-following bipartite consensus of second-order time-delay nonlinear multi-agent systems with event-triggered pinning control under signed digraph},
    author={Ren, Jie and Song, Qiang and Gao, Yanbo and Lu, Guoping},
    journal={Neurocomputing},
    volume={385},
    pages={186--196},
    year={2020},
    publisher={Elsevier}
}
@article{jiang2020non210,
    title={Non-fragile {H}$_\infty$ consensus tracking of nonlinear multi-agent systems with switching topologies and transmission delay via sampled-data control},
    author={Jiang, Xiangli and Xia, Guihua and Feng, Zhiguang and Li, Tao},
    journal={Information Sciences},
    volume={509},
    pages={210--226},
    year={2020},
    publisher={Elsevier}
}
@article{2019Event6591,
    title={Event-triggered bipartite leader-following consensus of second-order nonlinear multi-agent systems under signed digraph},
    author={ Ren, J.  and  Song, Q.  and  Lu, G. },
    journal={Journal of the Franklin Institute},
    volume={356},
    number={12},
    pages={6591--6609},
    year={2019},
}
@article{xiao2020observer1,
    title={Observer-based adaptive consensus control for nonlinear multi-agent systems with time-delay},
    author={Xiao, Wenbin and Cao, Liang and Li, Hongyi and Lu, Renquan},
    journal={Science China Information Sciences},
    volume={63},
    number={3},
    pages={1--17},
    year={2020},
    publisher={Springer}
}
@article{li2018consensus1,
    title={Consensus of second-order delayed nonlinear multi-agent systems via node-based distributed adaptive completely intermittent protocols},
    author={Li, Hongjie and Zhu, Yinglian and others},
    journal={Applied Mathematics and Computation},
    volume={326},
    pages={1--15},
    year={2018},
    publisher={Elsevier}
}
@article{jiang2020consensus126,
    title={Consensus tracking of data-sampled nonlinear multi-agent systems with packet loss and communication delay},
    author={Jiang, Xiangli and Xia, Guihua and Feng, Zhiguang and Jiang, Zhengyi},
    journal={IEEE Transactions on Network Science and Engineering},
    volume={8},
    number={1},
    pages={126--137},
    year={2020},
    publisher={IEEE}
}
 
@article{di2021sampled,
    title={On Sampled--Data Leaderless Consensus Tracking of Nonlinear Multi--Agent Time--Delay Systems},
    author={Di Ferdinando, M and Pepe, P and Di Gennaro, S},
    journal={IFAC-PapersOnLine},
    volume={54},
    number={18},
    pages={192--197},
    year={2021},
    publisher={Elsevier}
}
@article{di2021sampled,
title={On Sampled--Data Leaderless Consensus Tracking of Nonlinear Multi--Agent Time--Delay Systems},
author={Di Ferdinando, M and Pepe, P and Di Gennaro, S},
journal={IFAC-PapersOnLine},
volume={54},
number={18},
pages={192--197},
year={2021},
publisher={Elsevier}
}
@article{li2021distributed109545,
    title={Distributed adaptive output feedback containment control for time-delay nonlinear multiagent systems},
    author={Li, Yafeng and Park, Ju H and Hua, Changchun and Liu, Guopin},
    journal={Automatica},
    volume={127},
    pages={109545},
    year={2021},
    publisher={Elsevier}
}
@article{wang2021event4895,
    title={Event-triggered consensus control for second-order multi-agent system subject to saturation and time delay},
    author={Wang, Jinran and Luo, Xiaoyuan and Yan, Jing and Guan, Xinping},
    journal={Journal of the Franklin Institute},
    volume={358},
    number={9},
    pages={4895--4916},
    year={2021},
    publisher={Elsevier}
}
@article{syed2020leaderless1885,
    title={Leaderless consensus of non-linear mixed delay multi-agent systems with random packet losses via sampled-data control},
    author={Syed Ali, M and Agalya, R and Saroha, Sumit and Saeed, Tareq},
    journal={International Journal of Control, Automation and Systems},
    volume={18},
    number={7},
    pages={1885--1893},
    year={2020},
    publisher={Springer}
}
@article{wang2022leader127031,
    title={Leader-Following consensus of nonlinear multi-agent systems with hybrid delays: Distributed impulsive pinning strategy},
    author={Wang, Kun-Peng and Ding, Dong and Tang, Ze and Feng, Jianwen},
    journal={Applied Mathematics and Computation},
    volume={424},
    pages={127031},
    year={2022},
    publisher={Elsevier}
}
@article{xiao2020observer1132202,
    title={Observer-based adaptive consensus control for nonlinear multi-agent systems with time-delay},
    author={Xiao, Wenbin and Cao, Liang and Li, Hongyi and Lu, Renquan},
    journal={Science China Information Sciences},
    volume={63},
    pages={132202:1--132202:17},
    year={2020},
    publisher={Springer}
}
@article{yue2019neuro230,
    title={Neuro-adaptive consensus strategy for a class of nonlinear time-delay multi-agent systems with an unmeasurable high-dimensional leader},
    author={Yue, Dongdong and Cao, Jinde and Li, Qi and Shi, Xinli},
    journal={IET Control Theory and Applications},
    volume={13},
    number={2},
    pages={230--238},
    year={2019},
    publisher={IET}
}
@article{li2018data1773,
    title={Data-driven consensus for non-linear networked multi-agent systems with switching topology and time-varying delays},
    author={Li, Chang-Jiang and Liu, Guo-Ping},
    journal={IET Control Theory and Applications},
    volume={12},
    number={12},
    pages={1773--1779},
    year={2018},
    publisher={IET}
}
@article{jiang2021h280,
    title={H$_\infty$ delayed tracking protocol design of nonlinear singular multi-agent systems under {M}arkovian switching topology},
    author={Jiang, Xiangli and Xia, Guihua and Feng, Zhiguang and Jiang, Zhengyi},
    journal={Information Sciences},
    volume={545},
    pages={280--297},
    year={2021},
    publisher={Elsevier}
}
@article{yaghoubi2020cluster1685,
    title={Cluster consensus of fractional-order non-linear multi-agent systems with switching topology and time-delays via impulsive control},
    author={Yaghoubi, Zahra and Talebi, Heidar Ali},
    journal={International Journal of Systems Science},
    volume={51},
    number={10},
    pages={1685--1698},
    year={2020},
    publisher={Taylor and Francis}
}
@article{2019Integral3692,
    title={Integral Sliding-Mode Fixed-Time Consensus Tracking for Second-Order Non-Linear and Time Delay Multi-Agent Systems},
    author={ Wang, C.  and  Wen, G.  and  Peng, Z.  and  Zhang, X. },
    journal={Journal of the Franklin Institute},
    volume={356},
    number={6},
    pages={3692--3710},
    year={2019},
}
@article{lu2019consensus153,
    title={Consensus of signed networked multi-agent systems with nonlinear coupling and communication delays},
    author={Lu, Jianquan and Guo, Xing and Huang, Tingwen and Wang, Zhen},
    journal={Applied Mathematics and Computation},
    volume={350},
    pages={153--162},
    year={2019},
    publisher={Elsevier}
}
@article{sharifi2020finite10,
    title={Finite time consensus of nonlinear multi-agent systems in the presence of communication time delays},
    author={Sharifi, Maryam and Yazdanpanah, Mohammad J},
    journal={European Journal of Control},
    volume={53},
    pages={10--19},
    year={2020},
    publisher={Elsevier}
}
@article{feng2016exponential621,
    title={Exponential synchronization of nonlinearly coupled complex networks with hybrid time-varying delays via impulsive control},
    author={Feng, Jianwen and Yu, Fenfen and Zhao, Yi},
    journal={Nonlinear Dynamics},
    volume={85},
    number={1},
    pages={621--632},
    year={2016},
    publisher={Springer}
}
@article{sun2012outer1751,
    title={Outer synchronization of complex networks with delay via impulse},
    author={Sun, Wen and Chen, Zhong and L{\"u}, Jinhu and Chen, Shihua},
    journal={Nonlinear Dynamics},
    volume={69},
    number={4},
    pages={1751--1764},
    year={2012},
    publisher={Springer}
}
@article{lu2012pinning1250176,
    title={Pinning impulsive stabilization of nonlinear dynamical networks with time-varying delay},
    author={Lu, Jianquan and Wang, Zidong and Cao, Jinde and Ho, Daniel WC and Kurths, J{\"u}rgen},
    journal={International Journal of Bifurcation and Chaos},
    volume={22},
    number={07},
    pages={1250176},
    year={2012},
    publisher={World Scientific}
}
@article{li2019global31,
    title={Global synchronization between two fractional-order complex networks with non-delayed and delayed coupling via hybrid impulsive control},
    author={Li, Hong-Li and Cao, Jinde and Hu, Cheng and Zhang, Long and Wang, Zuolei},
    journal={Neurocomputing},
    volume={356},
    pages={31--39},
    year={2019},
    publisher={Elsevier}
}
@article{yang2014hybrid480,
    title={Hybrid adaptive and impulsive synchronization of uncertain complex networks with delays and general uncertain perturbations},
    author={Yang, Xinsong and Cao, Jinde},
    journal={Applied Mathematics and Computation},
    volume={227},
    pages={480--493},
    year={2014},
    publisher={Elsevier}
}
@article{wu2015exponential3097,
    title={Exponential outer synchronization between two uncertain time-varying complex networks with nonlinear coupling},
    author={Wu, Yongqing and Liu, Li},
    journal={Entropy},
    volume={17},
    number={5},
    pages={3097--3109},
    year={2015},
    publisher={Multidisciplinary Digital Publishing Institute}
}
@article{hu2018multistability1537,
    title={Multistability of delayed hybrid impulsive neural networks with application to associative memories},
    author={Hu, Bin and Guan, Zhi-Hong and Chen, Guanrong and Lewis, Frank L},
    journal={IEEE transactions on neural networks and learning systems},
    volume={30},
    number={5},
    pages={1537--1551},
    year={2018},
    publisher={IEEE}
}
@article{liu2015multistability512,
    title={Multistability of recurrent neural networks with nonmonotonic activation functions and mixed time delays},
    author={Liu, Peng and Zeng, Zhigang and Wang, Jun},
    journal={IEEE Transactions on Systems, Man, and Cybernetics: Systems},
    volume={46},
    number={4},
    pages={512--523},
    year={2015},
    publisher={IEEE}
}
@article{lu2006new214,
    title={New approach to synchronization analysis of linearly coupled ordinary differential systems},
    author={Lu, Wenlian and Chen, Tianping},
    journal={Physica D: Nonlinear Phenomena},
    volume={213},
    number={2},
    pages={214--230},
    year={2006},
    publisher={Elsevier}
} 
@article{popov2012robust2343,
    title={Robust stability of a multi-agent system under arbitrary and time-varying communication topologies and communication delays},
    author={Popov, Andrey and Werner, Herbert},
    journal={IEEE Transactions on Automatic Control},
    volume={57},
    number={9},
    pages={2343--2347},
    year={2012},
    publisher={IEEE}
}
@article{wang2013robust2097,
    title={Robust synchronization for stochastic delayed complex networks with switching topology and unmodeled dynamics via adaptive control approach},
    author={Wang, Tianbo and Zhou, Wuneng and Zhao, Shouwei},
    journal={Communications in Nonlinear Science and Numerical Simulation},
    volume={18},
    number={8},
    pages={2097--2106},
    year={2013},
    publisher={Elsevier}
}

@article{lu2019phase122419,
    title={Phase synchronization and mode transition induced by multiple time delays and noises in coupled FitzHugh--Nagumo model},
    author={Lu, Lulu and Ge, Mengyan and Xu, Ying and Jia, Ya},
    journal={Physica A: Statistical Mechanics and its Applications},
    volume={535},
    pages={122419},
    year={2019},
    publisher={Elsevier}
}
@article{han2016modified1650126,
    title={Modified function projective synchronization between two different complex networks with delayed couplings and delayed nodes of different dimensions},
    author={Han, Min and Zhang, Yamei and Zhang, Meng},
    journal={International Journal of Modern Physics C},
    volume={27},
    number={11},
    pages={1650126},
    year={2016},
    publisher={World Scientific}
}
@article{wen2020fault,
    title={Fault-tolerant secure consensus tracking of delayed nonlinear multi-agent systems with deception attacks and uncertain parameters via impulsive control},
    author={Wen, Guoguang and Zhai, Xiaoqin and Peng, Zhaoxia and Rahmani, Ahmed},
    journal={Communications in nonlinear science and numerical simulation},
    volume={82},
    pages={105043},
    year={2020},
    publisher={Elsevier}
}
@article{wang2016distributed918,
    title={Distributed control algorithm for bipartite consensus of the nonlinear time-delayed multi-agent systems with neural networks},
    author={Wang, Ding and Ma, Hongwen and Liu, Derong},
    journal={Neurocomputing},
    volume={174},
    pages={928--936},
    year={2016},
    publisher={Elsevier}
}
@article{li2013second1595,
    title={Second-order consensus seeking in multi-agent systems with nonlinear dynamics over random switching directed networks},
    author={Li, Huaqing and Liao, Xiaofeng and Lei, Xinyu and Huang, Tingwen and Zhu, Wei},
    journal={IEEE Transactions on Circuits and Systems I: Regular Papers},
    volume={60},
    number={6},
    pages={1595--1607},
    year={2013},
    publisher={IEEE}
}